year,Date,transactions,Qty Sold,Revenue
2021,4/1/2022,17084,1,49
2021,4/1/2022,17085,1,2.3
2021,4/1/2022,17086,2,11.4
2021,4/1/2022,17081,1,12
2021,4/1/2022,17082,2,7.3
2021,4/1/2022,17083,3,8
2021,4/1/2022,17090,5,40.8
2021,4/1/2022,17091,15,16
2021,4/1/2022,17092,2,18
2021,4/1/2022,17087,4,8.1
2021,4/1/2022,17088,1,16
2021,4/1/2022,17089,1,19
2021,4/1/2022,17072,1,1.5
2021,4/1/2022,17073,1,1
2021,4/1/2022,17074,1,3.5
2021,4/1/2022,17069,1,1
2021,4/1/2022,17070,11,3
2021,4/1/2022,17071,2,18.2
2021,4/1/2022,17078,5,1
2021,4/1/2022,17079,10,10
2021,4/1/2022,17080,2,64
2021,4/1/2022,17075,4,7
2021,4/1/2022,17076,3,15.5
2021,4/1/2022,17077,1,17
2021,4/2/2022,17113,1,9
2021,4/2/2022,17114,1,10
2021,4/2/2022,17115,4,9
2021,4/2/2022,17112,3,3
2021,4/2/2022,17109,11,33.6
2021,4/2/2022,17110,2,11
2021,4/2/2022,17111,3,22
2021,4/2/2022,17116,1,2
2021,4/2/2022,17121,3,15.5
2021,4/2/2022,17122,30,40
2021,4/2/2022,17123,1,5
2021,4/2/2022,17120,1,42
2021,4/2/2022,17117,7,32
2021,4/2/2022,17118,1,2
2021,4/2/2022,17119,1,2
2021,4/2/2022,17108,1,15
2021,4/2/2022,17097,2,14.5
2021,4/2/2022,17098,2,56.5
2021,4/2/2022,17099,1,5
2021,4/2/2022,17096,1,34
2021,4/2/2022,17093,1,10
2021,4/2/2022,17094,1,7.5
2021,4/2/2022,17095,29,19.2
2021,4/2/2022,17100,4,20.5
2021,4/2/2022,17105,5,150
2021,4/2/2022,17106,3,32.5
2021,4/2/2022,17107,2,4.6
2021,4/2/2022,17104,30,6
2021,4/2/2022,17101,1,36
2021,4/2/2022,17102,1,21
2021,4/2/2022,17103,1,2
2021,4/3/2022,17134,3,21
2021,4/3/2022,17135,8,43
2021,4/3/2022,17132,4,9.5
2021,4/3/2022,17133,1,5
2021,4/3/2022,17138,3,6
2021,4/3/2022,17139,3,3
2021,4/3/2022,17136,3,46
2021,4/3/2022,17137,5,12
2021,4/3/2022,17126,1,3.5
2021,4/3/2022,17127,11,112.5
2021,4/3/2022,17124,1,3.5
2021,4/3/2022,17125,3,8
2021,4/3/2022,17130,2,2
2021,4/3/2022,17131,2,2
2021,4/3/2022,17128,1,19
2021,4/3/2022,17129,3,14
2021,4/4/2022,17156,4,63.5
2021,4/4/2022,17157,2,17.5
2021,4/4/2022,17158,6,38.5
2021,4/4/2022,17153,4,49.5
2021,4/4/2022,17154,4,15
2021,4/4/2022,17155,1,44
2021,4/4/2022,17162,1,10
2021,4/4/2022,17163,2,10
2021,4/4/2022,17164,3,5
2021,4/4/2022,17159,2,24
2021,4/4/2022,17160,2,4
2021,4/4/2022,17161,2,26
2021,4/4/2022,17152,58,66.8
2021,4/4/2022,17143,2,16
2021,4/4/2022,17144,2,24.5
2021,4/4/2022,17145,1,9
2021,4/4/2022,17140,1,22.5
2021,4/4/2022,17141,1,4.5
2021,4/4/2022,17142,1,10.5
2021,4/4/2022,17149,7,36.4
2021,4/4/2022,17150,3,56
2021,4/4/2022,17151,2,4
2021,4/4/2022,17146,1,7
2021,4/4/2022,17147,2,3
2021,4/4/2022,17148,2,24.5
2021,4/5/2022,17179,5,48
2021,4/5/2022,17180,2,15.5
2021,4/5/2022,17178,3,30.5
2021,4/5/2022,17176,4,56.5
2021,4/5/2022,17177,2,7
2021,4/5/2022,17181,1,15
2021,4/5/2022,17185,1,2
2021,4/5/2022,17186,20,4
2021,4/5/2022,17184,1,12
2021,4/5/2022,17182,5,63.5
2021,4/5/2022,17183,1,21
2021,4/5/2022,17168,1,17
2021,4/5/2022,17169,1,19
2021,4/5/2022,17167,2,20
2021,4/5/2022,17165,1,6
2021,4/5/2022,17166,1,9
2021,4/5/2022,17170,1,2
2021,4/5/2022,17174,1,2
2021,4/5/2022,17175,1,6.5
2021,4/5/2022,17173,5,5
2021,4/5/2022,17171,3,18
2021,4/5/2022,17172,3,15
2021,4/6/2022,17202,3,54.5
2021,4/6/2022,17203,1,2
2021,4/6/2022,17204,1,6
2021,4/6/2022,17199,1,10
2021,4/6/2022,17200,1,30
2021,4/6/2022,17201,10,15
2021,4/6/2022,17208,4,20
2021,4/6/2022,17209,2,10
2021,4/6/2022,17210,2,21.5
2021,4/6/2022,17205,1,3
2021,4/6/2022,17206,12,204
2021,4/6/2022,17207,6,6.2
2021,4/6/2022,17190,1,3
2021,4/6/2022,17191,3,20.2
2021,4/6/2022,17192,3,35
2021,4/6/2022,17187,1,13
2021,4/6/2022,17188,3,3
2021,4/6/2022,17189,2,24.5
2021,4/6/2022,17196,1,7
2021,4/6/2022,17197,28,11.2
2021,4/6/2022,17198,1,2
2021,4/6/2022,17193,1,7.5
2021,4/6/2022,17194,1,2
2021,4/6/2022,17195,1,1
2021,4/7/2022,17223,1,22.5
2021,4/7/2022,17224,1,19
2021,4/7/2022,17221,1,2
2021,4/7/2022,17222,1,5
2021,4/7/2022,17225,11,102.5
2021,4/7/2022,17228,2,1.8
2021,4/7/2022,17229,11,20.8
2021,4/7/2022,17226,8,30
2021,4/7/2022,17227,2,30
2021,4/7/2022,17220,30,20
2021,4/7/2022,17213,1,10
2021,4/7/2022,17214,1,10
2021,4/7/2022,17211,2,24
2021,4/7/2022,17212,1,3
2021,4/7/2022,17215,2,23
2021,4/7/2022,17218,1,1.5
2021,4/7/2022,17219,1,1
2021,4/7/2022,17216,3,18.5
2021,4/7/2022,17217,6,7.8
2021,4/8/2022,17246,1,19
2021,4/8/2022,17247,1,9
2021,4/8/2022,17248,3,4.5
2021,4/8/2022,17243,1,1
2021,4/8/2022,17244,1,10
2021,4/8/2022,17245,2,5
2021,4/8/2022,17249,1,12
2021,4/8/2022,17253,4,36
2021,4/8/2022,17254,1,3.5
2021,4/8/2022,17255,1,2.5
2021,4/8/2022,17250,1,8
2021,4/8/2022,17251,1,3.5
2021,4/8/2022,17252,2,9.3
2021,4/8/2022,17233,5,37.5
2021,4/8/2022,17234,2,5
2021,4/8/2022,17235,3,6
2021,4/8/2022,17230,2,27
2021,4/8/2022,17231,1,6.5
2021,4/8/2022,17232,3,38
2021,4/8/2022,17236,1,3.5
2021,4/8/2022,17240,1,41
2021,4/8/2022,17241,1,3
2021,4/8/2022,17242,1,2
2021,4/8/2022,17237,1,10
2021,4/8/2022,17238,1,2
2021,4/8/2022,17239,10,3.5
2021,4/9/2022,17279,3,17
2021,4/9/2022,17278,1,2.3
2021,4/9/2022,17281,1,20
2021,4/9/2022,17280,3,21
2021,4/9/2022,17275,3,9
2021,4/9/2022,17274,1,2
2021,4/9/2022,17277,1,2
2021,4/9/2022,17276,1,10
2021,4/9/2022,17282,1,25
2021,4/9/2022,17288,3,3.6
2021,4/9/2022,17287,1,5
2021,4/9/2022,17290,2,112
2021,4/9/2022,17289,2,12
2021,4/9/2022,17284,1,10
2021,4/9/2022,17283,2,2
2021,4/9/2022,17286,1,20
2021,4/9/2022,17285,2,7.5
2021,4/9/2022,17273,3,23
2021,4/9/2022,17261,1,3
2021,4/9/2022,17260,1,2
2021,4/9/2022,17263,4,20
2021,4/9/2022,17262,1,9
2021,4/9/2022,17257,1,42
2021,4/9/2022,17256,3,15
2021,4/9/2022,17259,1,22
2021,4/9/2022,17258,2,6.6
2021,4/9/2022,17264,2,1
2021,4/9/2022,17270,5,9
2021,4/9/2022,17269,2,15
2021,4/9/2022,17272,4,40
2021,4/9/2022,17271,10,6
2021,4/9/2022,17266,1,11
2021,4/9/2022,17265,1,24
2021,4/9/2022,17268,2,3
2021,4/9/2022,17267,1,25
2021,4/10/2022,17307,1,15.5
2021,4/10/2022,17308,1,2
2021,4/10/2022,17309,1,19
2021,4/10/2022,17304,11,10
2021,4/10/2022,17305,1,10
2021,4/10/2022,17306,2,13.5
2021,4/10/2022,17310,1,8.5
2021,4/10/2022,17314,3,9.5
2021,4/10/2022,17315,1,4.2
2021,4/10/2022,17316,2,10
2021,4/10/2022,17311,4,2
2021,4/10/2022,17312,2,4
2021,4/10/2022,17313,4,27
2021,4/10/2022,17294,1,7
2021,4/10/2022,17295,2,12
2021,4/10/2022,17296,2,3
2021,4/10/2022,17291,1,8
2021,4/10/2022,17292,2,10.5
2021,4/10/2022,17293,5,10.5
2021,4/10/2022,17297,1,3.5
2021,4/10/2022,17301,1,24
2021,4/10/2022,17302,1,10
2021,4/10/2022,17303,1,2.5
2021,4/10/2022,17298,1,9.5
2021,4/10/2022,17299,1,10
2021,4/10/2022,17300,1,2.5
2021,4/11/2022,17325,2,12.6
2021,4/11/2022,17324,1,2
2021,4/11/2022,17323,1,0.2
2021,4/11/2022,17328,3,72.5
2021,4/11/2022,17327,41,313
2021,4/11/2022,17326,1,10
2021,4/11/2022,17319,1,12
2021,4/11/2022,17318,1,3.5
2021,4/11/2022,17317,1,34
2021,4/11/2022,17322,1,9
2021,4/11/2022,17321,1,0.6
2021,4/11/2022,17320,2,3.2
2021,4/12/2022,17339,1,4.5
2021,4/12/2022,17340,2,12
2021,4/12/2022,17337,1,15
2021,4/12/2022,17338,1,13
2021,4/12/2022,17343,1,10
2021,4/12/2022,17344,10,25
2021,4/12/2022,17341,2,4
2021,4/12/2022,17342,1,8.5
2021,4/12/2022,17331,3,5.5
2021,4/12/2022,17332,1,10
2021,4/12/2022,17329,1,2.5
2021,4/12/2022,17330,1,19
2021,4/12/2022,17335,1,10
2021,4/12/2022,17336,3,68
2021,4/12/2022,17333,1,1
2021,4/12/2022,17334,4,40
2021,4/13/2022,17361,7,76.3
2021,4/13/2022,17362,1,26
2021,4/13/2022,17363,1,19
2021,4/13/2022,17358,5,43
2021,4/13/2022,17359,2,7
2021,4/13/2022,17360,3,34.5
2021,4/13/2022,17367,1,2
2021,4/13/2022,17368,1,10
2021,4/13/2022,17369,3,5.5
2021,4/13/2022,17364,1,14.5
2021,4/13/2022,17365,1,7
2021,4/13/2022,17366,3,45.5
2021,4/13/2022,17357,10,6.5
2021,4/13/2022,17348,1,2
2021,4/13/2022,17349,1,0.6
2021,4/13/2022,17350,1,11
2021,4/13/2022,17345,1,12
2021,4/13/2022,17346,1,5
2021,4/13/2022,17347,2,12
2021,4/13/2022,17354,1,2
2021,4/13/2022,17355,2,22.5
2021,4/13/2022,17356,10,25.3
2021,4/13/2022,17351,2,3
2021,4/13/2022,17352,25,56
2021,4/13/2022,17353,1,10
2021,4/14/2022,17375,1,28
2021,4/14/2022,17374,2,36
2021,4/14/2022,17377,1,29
2021,4/14/2022,17376,1,2
2021,4/14/2022,17371,6,91.5
2021,4/14/2022,17370,1,23
2021,4/14/2022,17373,1,10
2021,4/14/2022,17372,1,15
2021,4/15/2022,17384,2,11
2021,4/15/2022,17383,20,8
2021,4/15/2022,17386,3,36
2021,4/15/2022,17385,1,19
2021,4/15/2022,17382,5,34.3
2021,4/15/2022,17379,1,2.5
2021,4/15/2022,17378,1,6
2021,4/15/2022,17381,2,4
2021,4/15/2022,17380,2,14
2021,4/16/2022,17403,2,29
2021,4/16/2022,17404,1,1.5
2021,4/16/2022,17405,2,29.5
2021,4/16/2022,17400,17,31.8
2021,4/16/2022,17401,1,6
2021,4/16/2022,17402,1,2.8
2021,4/16/2022,17409,6,26.2
2021,4/16/2022,17410,1,5
2021,4/16/2022,17411,1,50
2021,4/16/2022,17406,1,1.5
2021,4/16/2022,17407,1,1.5
2021,4/16/2022,17408,1,2
2021,4/16/2022,17399,13,13
2021,4/16/2022,17390,11,92.5
2021,4/16/2022,17391,1,2
2021,4/16/2022,17392,2,12
2021,4/16/2022,17387,8,17.2
2021,4/16/2022,17388,5,6.5
2021,4/16/2022,17389,2,6.5
2021,4/16/2022,17396,1,12
2021,4/16/2022,17397,2,4
2021,4/16/2022,17398,4,53.5
2021,4/16/2022,17393,3,12
2021,4/16/2022,17394,3,20
2021,4/16/2022,17395,3,34.5
2021,4/17/2022,17419,1,5
2021,4/17/2022,17418,24,37
2021,4/17/2022,17420,4,23
2021,4/17/2022,17422,1,1
2021,4/17/2022,17421,1,2.5
2021,4/17/2022,17417,2,1.2
2021,4/17/2022,17413,2,8
2021,4/17/2022,17412,0,0
2021,4/17/2022,17414,6,29.8
2021,4/17/2022,17416,2,2
2021,4/17/2022,17415,1,22
2021,4/19/2022,17445,1,12
2021,4/19/2022,17444,1,9
2021,4/19/2022,17447,2,7
2021,4/19/2022,17446,3,13
2021,4/19/2022,17441,1,12
2021,4/19/2022,17440,3,18
2021,4/19/2022,17443,2,12.5
2021,4/19/2022,17442,1,3.5
2021,4/19/2022,17453,1,12
2021,4/19/2022,17452,2,13
2021,4/19/2022,17455,2,3
2021,4/19/2022,17454,1,1
2021,4/19/2022,17449,1,1
2021,4/19/2022,17448,1,10
2021,4/19/2022,17451,1,20
2021,4/19/2022,17450,3,4.5
2021,4/19/2022,17439,1,13
2021,4/19/2022,17428,1,13
2021,4/19/2022,17427,1,2
2021,4/19/2022,17430,2,4
2021,4/19/2022,17429,2,10
2021,4/19/2022,17424,1,1.5
2021,4/19/2022,17423,1,3.5
2021,4/19/2022,17426,9,47
2021,4/19/2022,17425,14,86.9
2021,4/19/2022,17436,1,4.5
2021,4/19/2022,17435,1,13.5
2021,4/19/2022,17438,1,5
2021,4/19/2022,17437,2,15
2021,4/19/2022,17432,1,7.5
2021,4/19/2022,17431,1,3.5
2021,4/19/2022,17434,1,7.5
2021,4/19/2022,17433,2,22
2021,4/20/2022,17474,8,63
2021,4/20/2022,17475,1,10
2021,4/20/2022,17476,1,2
2021,4/20/2022,17473,7,55
2021,4/20/2022,17470,2,1
2021,4/20/2022,17471,2,12
2021,4/20/2022,17472,1,6
2021,4/20/2022,17481,1,12
2021,4/20/2022,17482,1,10
2021,4/20/2022,17483,2,20
2021,4/20/2022,17480,1,1
2021,4/20/2022,17477,3,32
2021,4/20/2022,17478,2,35
2021,4/20/2022,17479,2,8
2021,4/20/2022,17460,1,15
2021,4/20/2022,17461,1,23
2021,4/20/2022,17462,1,7.5
2021,4/20/2022,17459,1,21
2021,4/20/2022,17456,1,2
2021,4/20/2022,17457,1,14.5
2021,4/20/2022,17458,1,22
2021,4/20/2022,17467,1,2
2021,4/20/2022,17468,4,19.2
2021,4/20/2022,17469,23,92.3
2021,4/20/2022,17466,1,5
2021,4/20/2022,17463,1,7
2021,4/20/2022,17464,1,34
2021,4/20/2022,17465,2,6.5
2021,4/21/2022,17499,9,54.7
2021,4/21/2022,17500,1,6
2021,4/21/2022,17501,1,3.5
2021,4/21/2022,17496,3,35
2021,4/21/2022,17497,7,82
2021,4/21/2022,17498,1,5
2021,4/21/2022,17505,1,13
2021,4/21/2022,17506,1,22
2021,4/21/2022,17507,1,7
2021,4/21/2022,17502,7,22
2021,4/21/2022,17503,1,17
2021,4/21/2022,17504,1,2
2021,4/21/2022,17487,1,2
2021,4/21/2022,17488,2,34.5
2021,4/21/2022,17489,1,6
2021,4/21/2022,17484,1,2
2021,4/21/2022,17485,3,6
2021,4/21/2022,17486,1,3.5
2021,4/21/2022,17493,1,5
2021,4/21/2022,17494,28,8.4
2021,4/21/2022,17495,1,3
2021,4/21/2022,17490,1,9
2021,4/21/2022,17491,1,5
2021,4/21/2022,17492,2,4
2021,4/22/2022,17524,1,2
2021,4/22/2022,17525,2,1.2
2021,4/22/2022,17526,1,19
2021,4/22/2022,17521,21,15.5
2021,4/22/2022,17522,2,13.5
2021,4/22/2022,17523,2,9.5
2021,4/22/2022,17530,2,2
2021,4/22/2022,17531,1,10
2021,4/22/2022,17532,2,7
2021,4/22/2022,17527,1,1
2021,4/22/2022,17528,1,2
2021,4/22/2022,17529,1,6
2021,4/22/2022,17520,2,1.6
2021,4/22/2022,17511,4,50.5
2021,4/22/2022,17512,5,51
2021,4/22/2022,17513,2,1.6
2021,4/22/2022,17508,22,68.5
2021,4/22/2022,17509,1,1.5
2021,4/22/2022,17510,21,96.5
2021,4/22/2022,17517,23,49.5
2021,4/22/2022,17518,1,85
2021,4/22/2022,17519,1,53
2021,4/22/2022,17514,12,52
2021,4/22/2022,17515,1,3
2021,4/22/2022,17516,4,12
2021,4/23/2022,17549,1,2
2021,4/23/2022,17550,1,3.5
2021,4/23/2022,17551,1,25
2021,4/23/2022,17546,1,6
2021,4/23/2022,17547,2,8
2021,4/23/2022,17548,2,5.5
2021,4/23/2022,17555,1,3
2021,4/23/2022,17556,1,6
2021,4/23/2022,17557,1,2
2021,4/23/2022,17552,2,1
2021,4/23/2022,17553,1,11
2021,4/23/2022,17554,4,6.4
2021,4/23/2022,17545,28,8.4
2021,4/23/2022,17536,6,7.8
2021,4/23/2022,17537,2,9
2021,4/23/2022,17538,1,6.5
2021,4/23/2022,17533,1,6
2021,4/23/2022,17534,1,10
2021,4/23/2022,17535,2,4
2021,4/23/2022,17542,1,6
2021,4/23/2022,17543,1,15
2021,4/23/2022,17544,1,22
2021,4/23/2022,17539,3,3
2021,4/23/2022,17540,2,20
2021,4/23/2022,17541,1,7
2021,4/24/2022,17568,3,4
2021,4/24/2022,17567,11,73.4
2021,4/24/2022,17566,3,27
2021,4/24/2022,17569,1,5
2021,4/24/2022,17572,3,10
2021,4/24/2022,17571,1,12
2021,4/24/2022,17570,1,10
2021,4/24/2022,17565,3,11.7
2021,4/24/2022,17560,1,2
2021,4/24/2022,17559,2,1.2
2021,4/24/2022,17558,1,5
2021,4/24/2022,17561,30,34.5
2021,4/24/2022,17564,1,10
2021,4/24/2022,17563,5,10
2021,4/24/2022,17562,1,1
2021,4/25/2022,17588,1,1
2021,4/25/2022,17589,1,28
2021,4/25/2022,17590,4,12.3
2021,4/25/2022,17585,2,10
2021,4/25/2022,17586,3,3
2021,4/25/2022,17587,1,33
2021,4/25/2022,17594,2,1
2021,4/25/2022,17595,2,4
2021,4/25/2022,17596,2,13
2021,4/25/2022,17591,9,27.1
2021,4/25/2022,17592,3,71
2021,4/25/2022,17593,1,1
2021,4/25/2022,17576,3,15
2021,4/25/2022,17577,2,3
2021,4/25/2022,17578,4,3
2021,4/25/2022,17573,1,10
2021,4/25/2022,17574,10,97
2021,4/25/2022,17575,2,1.2
2021,4/25/2022,17582,1,4.5
2021,4/25/2022,17583,1,10
2021,4/25/2022,17584,6,19.8
2021,4/25/2022,17579,1,4.5
2021,4/25/2022,17580,7,51
2021,4/25/2022,17581,5,10
2021,4/26/2022,17612,5,10
2021,4/26/2022,17613,1,13
2021,4/26/2022,17614,2,2.2
2021,4/26/2022,17609,1,3.5
2021,4/26/2022,17610,5,12
2021,4/26/2022,17611,4,21
2021,4/26/2022,17618,8,46.5
2021,4/26/2022,17619,1,3.5
2021,4/26/2022,17620,2,4
2021,4/26/2022,17615,1,12
2021,4/26/2022,17616,1,2
2021,4/26/2022,17617,11,20
2021,4/26/2022,17600,4,17
2021,4/26/2022,17601,2,2.2
2021,4/26/2022,17602,6,6
2021,4/26/2022,17597,3,5
2021,4/26/2022,17598,2,1.8
2021,4/26/2022,17599,2,35
2021,4/26/2022,17606,2,10
2021,4/26/2022,17607,2,28
2021,4/26/2022,17608,1,11
2021,4/26/2022,17603,2,3
2021,4/26/2022,17604,2,14
2021,4/26/2022,17605,1,7
2021,4/27/2022,17639,1,7.5
2021,4/27/2022,17640,1,2
2021,4/27/2022,17641,3,72
2021,4/27/2022,17638,2,2
2021,4/27/2022,17635,10,20
2021,4/27/2022,17636,1,7.5
2021,4/27/2022,17637,3,16.5
2021,4/27/2022,17646,1,10
2021,4/27/2022,17647,2,14.2
2021,4/27/2022,17648,2,17.5
2021,4/27/2022,17645,14,135.6
2021,4/27/2022,17642,1,2.5
2021,4/27/2022,17643,1,2
2021,4/27/2022,17644,1,2
2021,4/27/2022,17625,1,1.5
2021,4/27/2022,17626,2,10.5
2021,4/27/2022,17627,2,6
2021,4/27/2022,17624,10,4
2021,4/27/2022,17621,1,3.5
2021,4/27/2022,17622,1,20
2021,4/27/2022,17623,1,6
2021,4/27/2022,17632,1,10
2021,4/27/2022,17633,4,42.1
2021,4/27/2022,17634,1,3
2021,4/27/2022,17631,33,31
2021,4/27/2022,17628,1,5
2021,4/27/2022,17629,2,4
2021,4/27/2022,17630,3,14.9
2021,4/28/2022,17663,2,10
2021,4/28/2022,17664,5,17.5
2021,4/28/2022,17662,1,5
2021,4/28/2022,17660,3,26
2021,4/28/2022,17661,4,3.3
2021,4/28/2022,17665,2,11.5
2021,4/28/2022,17669,1,3.5
2021,4/28/2022,17670,2,4
2021,4/28/2022,17668,4,16
2021,4/28/2022,17666,4,37
2021,4/28/2022,17667,2,14
2021,4/28/2022,17652,2,13.5
2021,4/28/2022,17653,2,33
2021,4/28/2022,17651,1,5
2021,4/28/2022,17649,1,3.5
2021,4/28/2022,17650,1,1
2021,4/28/2022,17654,1,1
2021,4/28/2022,17658,1,2
2021,4/28/2022,17659,3,9.5
2021,4/28/2022,17657,6,10
2021,4/28/2022,17655,1,5
2021,4/28/2022,17656,1,2
2021,4/29/2022,17692,1,3.5
2021,4/29/2022,17691,1,6
2021,4/29/2022,17694,2,4
2021,4/29/2022,17693,2,31.5
2021,4/29/2022,17688,3,54
2021,4/29/2022,17687,1,3.5
2021,4/29/2022,17690,2,10
2021,4/29/2022,17689,1,10
2021,4/29/2022,17700,2,3
2021,4/29/2022,17699,1,20
2021,4/29/2022,17702,1,12
2021,4/29/2022,17701,5,8.2
2021,4/29/2022,17696,1,2
2021,4/29/2022,17695,3,33
2021,4/29/2022,17698,1,10
2021,4/29/2022,17697,1,5
2021,4/29/2022,17676,5,14
2021,4/29/2022,17675,27,19.2
2021,4/29/2022,17678,8,22.5
2021,4/29/2022,17677,6,76
2021,4/29/2022,17672,30,52.2
2021,4/29/2022,17671,4,22
2021,4/29/2022,17674,12,83.5
2021,4/29/2022,17673,7,20.3
2021,4/29/2022,17684,2,1.2
2021,4/29/2022,17683,1,2
2021,4/29/2022,17686,2,8.5
2021,4/29/2022,17685,1,2
2021,4/29/2022,17680,1,10
2021,4/29/2022,17679,1,17
2021,4/29/2022,17682,1,1
2021,4/29/2022,17681,1,3
2021,4/30/2022,17714,3,8.6
2021,4/30/2022,17715,3,22.8
2021,4/30/2022,17712,4,31
2021,4/30/2022,17713,2,18.5
2021,4/30/2022,17718,1,3
2021,4/30/2022,17719,4,13.5
2021,4/30/2022,17716,2,10
2021,4/30/2022,17717,18,143
2021,4/30/2022,17711,2,4
2021,4/30/2022,17705,1,23
2021,4/30/2022,17706,9,52
2021,4/30/2022,17703,2,7
2021,4/30/2022,17704,2,13.3
2021,4/30/2022,17709,2,51
2021,4/30/2022,17710,1,9
2021,4/30/2022,17707,1,3.5
2021,4/30/2022,17708,6,48
2021,11/1/2021,13945,2,1.2
2021,11/1/2021,13944,1,8
2021,11/1/2021,13946,1,9
2021,11/1/2021,13948,20,6
2021,11/1/2021,13947,3,14
2021,11/1/2021,13940,28,11.2
2021,11/1/2021,13939,1,24
2021,11/1/2021,13941,4,72.5
2021,11/1/2021,13943,1,4
2021,11/1/2021,13942,1,34
2021,11/1/2021,13955,1,3
2021,11/1/2021,13954,1,7.5
2021,11/1/2021,13956,1,3.5
2021,11/1/2021,13958,1,1.5
2021,11/1/2021,13957,3,6
2021,11/1/2021,13950,1,5
2021,11/1/2021,13949,2,14
2021,11/1/2021,13951,1,11
2021,11/1/2021,13953,1,21
2021,11/1/2021,13952,1,8
2021,11/1/2021,13925,2,19.5
2021,11/1/2021,13924,1,7
2021,11/1/2021,13926,1,9
2021,11/1/2021,13928,1,1
2021,11/1/2021,13927,1,6.5
2021,11/1/2021,13920,1,21
2021,11/1/2021,13919,2,9
2021,11/1/2021,13921,1,1
2021,11/1/2021,13923,1,3.5
2021,11/1/2021,13922,1,7
2021,11/1/2021,13935,1,7.5
2021,11/1/2021,13934,1,3.5
2021,11/1/2021,13936,1,22
2021,11/1/2021,13938,10,73
2021,11/1/2021,13937,1,22
2021,11/1/2021,13930,1,3.5
2021,11/1/2021,13929,2,4.2
2021,11/1/2021,13931,3,41
2021,11/1/2021,13933,2,14
2021,11/1/2021,13932,1,2
2021,11/2/2021,13969,2,4
2021,11/2/2021,13970,2,47
2021,11/2/2021,13967,1,4
2021,11/2/2021,13968,2,5
2021,11/2/2021,13973,3,19
2021,11/2/2021,13974,4,14.5
2021,11/2/2021,13971,1,21
2021,11/2/2021,13972,6,25.7
2021,11/2/2021,13961,31,20.2
2021,11/2/2021,13962,1,19
2021,11/2/2021,13959,15,12.5
2021,11/2/2021,13960,2,35.5
2021,11/2/2021,13965,7,64.7
2021,11/2/2021,13966,8,33.9
2021,11/2/2021,13963,20,13
2021,11/2/2021,13964,12,36.6
2021,11/3/2021,13997,3,10
2021,11/3/2021,13996,3,47
2021,11/3/2021,13999,1,20
2021,11/3/2021,13998,5,26.4
2021,11/3/2021,13993,1,12.5
2021,11/3/2021,13992,3,9.9
2021,11/3/2021,13995,1,21
2021,11/3/2021,13994,33,11.4
2021,11/3/2021,14005,10,1.5
2021,11/3/2021,14004,1,2.5
2021,11/3/2021,14007,3,6
2021,11/3/2021,14006,3,32.5
2021,11/3/2021,14001,1,10
2021,11/3/2021,14000,2,2
2021,11/3/2021,14003,1,44
2021,11/3/2021,14002,4,9.5
2021,11/3/2021,13991,2,10
2021,11/3/2021,13980,1,1
2021,11/3/2021,13979,1,11
2021,11/3/2021,13982,1,1.7
2021,11/3/2021,13981,1,3
2021,11/3/2021,13976,1,35
2021,11/3/2021,13975,1,3
2021,11/3/2021,13978,3,10.5
2021,11/3/2021,13977,1,12.5
2021,11/3/2021,13988,2,10.5
2021,11/3/2021,13987,1,1.5
2021,11/3/2021,13990,1,2.5
2021,11/3/2021,13989,1,1.5
2021,11/3/2021,13984,1,3.5
2021,11/3/2021,13983,3,27
2021,11/3/2021,13986,1,10
2021,11/3/2021,13985,3,15.5
2021,11/4/2021,14027,1,11
2021,11/4/2021,14028,4,25
2021,11/4/2021,14029,3,29
2021,11/4/2021,14026,1,4
2021,11/4/2021,14023,15,142
2021,11/4/2021,14024,8,51.6
2021,11/4/2021,14025,7,29.5
2021,11/4/2021,14034,3,17
2021,11/4/2021,14035,3,71
2021,11/4/2021,14036,4,13.7
2021,11/4/2021,14033,3,17
2021,11/4/2021,14030,4,19.5
2021,11/4/2021,14031,7,30.3
2021,11/4/2021,14032,1,19
2021,11/4/2021,14022,2,54
2021,11/4/2021,14012,1,1.7
2021,11/4/2021,14013,1,4
2021,11/4/2021,14014,1,5
2021,11/4/2021,14011,1,3
2021,11/4/2021,14008,2,12.5
2021,11/4/2021,14009,1,1
2021,11/4/2021,14010,1,5
2021,11/4/2021,14019,2,1.2
2021,11/4/2021,14020,5,11.5
2021,11/4/2021,14021,1,17
2021,11/4/2021,14018,1,115
2021,11/4/2021,14015,2,14.5
2021,11/4/2021,14016,1,1
2021,11/4/2021,14017,2,1.2
2021,11/5/2021,14051,7,12.9
2021,11/5/2021,14052,2,9
2021,11/5/2021,14050,5,33.5
2021,11/5/2021,14048,11,60.7
2021,11/5/2021,14049,1,7
2021,11/5/2021,14053,3,12.1
2021,11/5/2021,14057,1,4
2021,11/5/2021,14058,1,1
2021,11/5/2021,14056,21,36.4
2021,11/5/2021,14054,1,3.5
2021,11/5/2021,14055,3,41
2021,11/5/2021,14040,1,2.5
2021,11/5/2021,14041,21,10
2021,11/5/2021,14039,3,25
2021,11/5/2021,14037,4,32.5
2021,11/5/2021,14038,1,0.6
2021,11/5/2021,14042,3,16.5
2021,11/5/2021,14046,1,2
2021,11/5/2021,14047,5,3.8
2021,11/5/2021,14045,1,15
2021,11/5/2021,14043,1,10
2021,11/5/2021,14044,1,10
2021,11/6/2021,14079,1,20
2021,11/6/2021,14080,5,51
2021,11/6/2021,14081,1,11
2021,11/6/2021,14078,1,13
2021,11/6/2021,14075,1,2.5
2021,11/6/2021,14076,2,26
2021,11/6/2021,14077,7,32.5
2021,11/6/2021,14082,1,1
2021,11/6/2021,14087,1,9
2021,11/6/2021,14088,5,45.2
2021,11/6/2021,14089,1,10
2021,11/6/2021,14086,10,18
2021,11/6/2021,14083,2,37
2021,11/6/2021,14084,2,3
2021,11/6/2021,14085,2,1.6
2021,11/6/2021,14074,1,9
2021,11/6/2021,14063,5,20
2021,11/6/2021,14064,1,4
2021,11/6/2021,14065,1,2.5
2021,11/6/2021,14062,1,175
2021,11/6/2021,14059,3,2.1
2021,11/6/2021,14060,2,38
2021,11/6/2021,14061,1,5
2021,11/6/2021,14066,1,14.5
2021,11/6/2021,14071,4,85
2021,11/6/2021,14072,1,25
2021,11/6/2021,14073,1,2.5
2021,11/6/2021,14070,1,49
2021,11/6/2021,14067,2,4
2021,11/6/2021,14068,1,99
2021,11/6/2021,14069,1,10
2021,11/7/2021,14105,1,36
2021,11/7/2021,14106,2,3.5
2021,11/7/2021,14107,1,4
2021,11/7/2021,14102,2,60
2021,11/7/2021,14103,1,22
2021,11/7/2021,14104,1,3
2021,11/7/2021,14111,2,4
2021,11/7/2021,14112,1,1.5
2021,11/7/2021,14113,4,55.5
2021,11/7/2021,14108,4,16.9
2021,11/7/2021,14109,1,3
2021,11/7/2021,14110,2,15
2021,11/7/2021,14093,2,16
2021,11/7/2021,14094,3,11
2021,11/7/2021,14095,20,4
2021,11/7/2021,14090,2,4.5
2021,11/7/2021,14091,34,14.8
2021,11/7/2021,14092,1,8
2021,11/7/2021,14099,1,11
2021,11/7/2021,14100,1,6.5
2021,11/7/2021,14101,1,2
2021,11/7/2021,14096,2,25
2021,11/7/2021,14097,1,1
2021,11/7/2021,14098,1,8
2021,11/8/2021,14127,16,23
2021,11/8/2021,14128,2,8
2021,11/8/2021,14126,5,96
2021,11/8/2021,14124,8,32.7
2021,11/8/2021,14125,3,9
2021,11/8/2021,14132,2,10.5
2021,11/8/2021,14133,16,131.4
2021,11/8/2021,14131,1,35
2021,11/8/2021,14129,2,6.5
2021,11/8/2021,14130,3,38
2021,11/8/2021,14117,1,4
2021,11/8/2021,14118,1,17.5
2021,11/8/2021,14116,48,18.4
2021,11/8/2021,14114,1,1
2021,11/8/2021,14115,1,1
2021,11/8/2021,14122,1,2.5
2021,11/8/2021,14123,1,100
2021,11/8/2021,14121,1,18
2021,11/8/2021,14119,1,18
2021,11/8/2021,14120,2,5
2021,11/9/2021,14140,2,23.5
2021,11/9/2021,14139,5,12.2
2021,11/9/2021,14142,6,62
2021,11/9/2021,14141,6,23.5
2021,11/9/2021,14138,1,11
2021,11/9/2021,14135,2,1
2021,11/9/2021,14134,1,10
2021,11/9/2021,14137,1,1.5
2021,11/9/2021,14136,2,2
2021,11/10/2021,14165,2,25.5
2021,11/10/2021,14164,20,12
2021,11/10/2021,14167,3,6.5
2021,11/10/2021,14166,1,13
2021,11/10/2021,14161,1,9
2021,11/10/2021,14160,2,2
2021,11/10/2021,14163,1,21
2021,11/10/2021,14162,1,1
2021,11/10/2021,14173,2,20
2021,11/10/2021,14172,57,62
2021,11/10/2021,14175,1,1
2021,11/10/2021,14174,11,27
2021,11/10/2021,14169,2,73.5
2021,11/10/2021,14168,1,3.5
2021,11/10/2021,14171,4,42.2
2021,11/10/2021,14170,1,8
2021,11/10/2021,14159,1,44
2021,11/10/2021,14148,2,2
2021,11/10/2021,14147,1,10
2021,11/10/2021,14150,1,1
2021,11/10/2021,14149,1,9
2021,11/10/2021,14144,1,8
2021,11/10/2021,14143,1,1.7
2021,11/10/2021,14146,21,7.5
2021,11/10/2021,14145,1,3.5
2021,11/10/2021,14156,1,17
2021,11/10/2021,14155,2,3
2021,11/10/2021,14158,13,10.41
2021,11/10/2021,14157,5,22
2021,11/10/2021,14152,1,3.5
2021,11/10/2021,14151,2,38.5
2021,11/10/2021,14154,1,1
2021,11/10/2021,14153,17,50.5
2021,11/11/2021,14187,3,19.4
2021,11/11/2021,14188,4,6.2
2021,11/11/2021,14185,2,4.6
2021,11/11/2021,14186,2,3.5
2021,11/11/2021,14189,1,49
2021,11/11/2021,14192,3,47
2021,11/11/2021,14193,1,1
2021,11/11/2021,14190,4,10
2021,11/11/2021,14191,3,8
2021,11/11/2021,14178,1,10
2021,11/11/2021,14179,1,50
2021,11/11/2021,14176,1,6
2021,11/11/2021,14177,2,39
2021,11/11/2021,14180,1,5.5
2021,11/11/2021,14183,1,1.5
2021,11/11/2021,14184,3,7
2021,11/11/2021,14181,2,8
2021,11/11/2021,14182,1,8.5
2021,11/12/2021,14216,2,40
2021,11/12/2021,14215,4,96
2021,11/12/2021,14218,1,9
2021,11/12/2021,14217,2,31.5
2021,11/12/2021,14212,3,61
2021,11/12/2021,14211,8,28.7
2021,11/12/2021,14214,1,12.5
2021,11/12/2021,14213,26,59
2021,11/12/2021,14224,13,40
2021,11/12/2021,14223,11,45.8
2021,11/12/2021,14226,2,15.5
2021,11/12/2021,14225,3,2.1
2021,11/12/2021,14220,1,18
2021,11/12/2021,14219,12,26.5
2021,11/12/2021,14222,3,29
2021,11/12/2021,14221,3,30.5
2021,11/12/2021,14210,1,50
2021,11/12/2021,14199,2,14
2021,11/12/2021,14198,2,29
2021,11/12/2021,14201,1,50
2021,11/12/2021,14200,2,1.2
2021,11/12/2021,14195,3,6.7
2021,11/12/2021,14194,1,3.5
2021,11/12/2021,14197,1,2
2021,11/12/2021,14196,1,11
2021,11/12/2021,14207,1,1.5
2021,11/12/2021,14206,2,11
2021,11/12/2021,14209,1,3
2021,11/12/2021,14208,1,2.5
2021,11/12/2021,14203,1,9.5
2021,11/12/2021,14202,1,5
2021,11/12/2021,14205,3,16.5
2021,11/12/2021,14204,8,6.8
2021,11/13/2021,14252,2,19.5
2021,11/13/2021,14251,1,10
2021,11/13/2021,14254,8,48
2021,11/13/2021,14253,1,11
2021,11/13/2021,14250,1,10
2021,11/13/2021,14247,3,18
2021,11/13/2021,14246,1,10
2021,11/13/2021,14249,2,1
2021,11/13/2021,14248,1,3.5
2021,11/13/2021,14255,1,5.5
2021,11/13/2021,14262,1,3.5
2021,11/13/2021,14261,1,18
2021,11/13/2021,14264,40,10
2021,11/13/2021,14263,1,3
2021,11/13/2021,14260,1,24
2021,11/13/2021,14257,2,0.8
2021,11/13/2021,14256,1,28
2021,11/13/2021,14259,1,4
2021,11/13/2021,14258,2,10
2021,11/13/2021,14233,1,3.5
2021,11/13/2021,14232,18,11.5
2021,11/13/2021,14235,1,4
2021,11/13/2021,14234,2,44
2021,11/13/2021,14231,1,1
2021,11/13/2021,14228,1,1.7
2021,11/13/2021,14227,5,17.5
2021,11/13/2021,14230,1,16.5
2021,11/13/2021,14229,1,3.5
2021,11/13/2021,14236,3,31
2021,11/13/2021,14243,2,44
2021,11/13/2021,14242,2,11
2021,11/13/2021,14245,2,3
2021,11/13/2021,14244,3,6.7
2021,11/13/2021,14241,28,11.2
2021,11/13/2021,14238,2,11
2021,11/13/2021,14237,1,2
2021,11/13/2021,14240,2,21.2
2021,11/13/2021,14239,2,3
2021,11/14/2021,14276,1,4
2021,11/14/2021,14277,2,31
2021,11/14/2021,14274,23,98
2021,11/14/2021,14275,4,4
2021,11/14/2021,14280,13,9.9
2021,11/14/2021,14281,1,8.5
2021,11/14/2021,14278,3,9.5
2021,11/14/2021,14279,3,6.5
2021,11/14/2021,14273,4,14.2
2021,11/14/2021,14267,7,16
2021,11/14/2021,14268,3,37
2021,11/14/2021,14265,2,55
2021,11/14/2021,14266,5,26
2021,11/14/2021,14271,3,10.2
2021,11/14/2021,14272,11,4
2021,11/14/2021,14269,2,3.5
2021,11/14/2021,14270,3,23.1
2021,11/15/2021,14296,4,44.5
2021,11/15/2021,14297,13,71.5
2021,11/15/2021,14295,4,1.8
2021,11/15/2021,14293,1,8.5
2021,11/15/2021,14294,1,9
2021,11/15/2021,14301,1,12.5
2021,11/15/2021,14302,2,3.5
2021,11/15/2021,14300,1,3.5
2021,11/15/2021,14298,9,11.9
2021,11/15/2021,14299,1,11
2021,11/15/2021,14292,27,19.5
2021,11/15/2021,14285,2,62
2021,11/15/2021,14286,4,18
2021,11/15/2021,14284,2,22
2021,11/15/2021,14282,2,25
2021,11/15/2021,14283,4,15
2021,11/15/2021,14290,3,6.5
2021,11/15/2021,14291,1,3.5
2021,11/15/2021,14289,1,8.5
2021,11/15/2021,14287,1,4
2021,11/15/2021,14288,3,5.5
2021,11/16/2021,14317,2,13
2021,11/16/2021,14318,3,45.5
2021,11/16/2021,14316,4,29
2021,11/16/2021,14314,3,29
2021,11/16/2021,14315,2,3.4
2021,11/16/2021,14319,3,80.5
2021,11/16/2021,14323,1,7.5
2021,11/16/2021,14324,1,4
2021,11/16/2021,14322,2,4
2021,11/16/2021,14320,3,6
2021,11/16/2021,14321,10,42.5
2021,11/16/2021,14306,3,6.5
2021,11/16/2021,14307,1,4
2021,11/16/2021,14305,2,11
2021,11/16/2021,14303,21,37
2021,11/16/2021,14304,1,14.5
2021,11/16/2021,14308,2,12.5
2021,11/16/2021,14312,3,6
2021,11/16/2021,14313,1,20
2021,11/16/2021,14311,3,3
2021,11/16/2021,14309,3,4.2
2021,11/16/2021,14310,9,3
2021,11/17/2021,14339,1,1
2021,11/17/2021,14340,3,20.5
2021,11/17/2021,14338,9,45.3
2021,11/17/2021,14336,4,2.8
2021,11/17/2021,14337,6,5.2
2021,11/17/2021,14344,2,2
2021,11/17/2021,14345,1,3
2021,11/17/2021,14343,1,1.5
2021,11/17/2021,14341,4,77
2021,11/17/2021,14342,2,2
2021,11/17/2021,14335,2,51
2021,11/17/2021,14328,2,86
2021,11/17/2021,14329,23,40.5
2021,11/17/2021,14327,2,11.6
2021,11/17/2021,14325,5,23.5
2021,11/17/2021,14326,12,44
2021,11/17/2021,14333,5,49
2021,11/17/2021,14334,2,8
2021,11/17/2021,14332,5,37
2021,11/17/2021,14330,3,30
2021,11/17/2021,14331,1,2.5
2021,11/18/2021,14361,4,30
2021,11/18/2021,14362,13,129
2021,11/18/2021,14360,4,41
2021,11/18/2021,14358,9,23.3
2021,11/18/2021,14359,1,3.5
2021,11/18/2021,14363,1,9
2021,11/18/2021,14367,3,26.5
2021,11/18/2021,14368,2,7
2021,11/18/2021,14366,2,12
2021,11/18/2021,14364,5,11.5
2021,11/18/2021,14365,4,12
2021,11/18/2021,14357,1,1.5
2021,11/18/2021,14349,1,50
2021,11/18/2021,14350,2,4.2
2021,11/18/2021,14348,1,2
2021,11/18/2021,14346,2,12
2021,11/18/2021,14347,2,14
2021,11/18/2021,14351,2,19
2021,11/18/2021,14355,4,6
2021,11/18/2021,14356,3,30.5
2021,11/18/2021,14354,1,10
2021,11/18/2021,14352,1,3
2021,11/18/2021,14353,5,42
2021,11/19/2021,14383,3,39
2021,11/19/2021,14384,4,37.5
2021,11/19/2021,14382,3,12.5
2021,11/19/2021,14380,2,19.4
2021,11/19/2021,14381,11,78
2021,11/19/2021,14385,2,21.5
2021,11/19/2021,14389,2,23
2021,11/19/2021,14390,32,26
2021,11/19/2021,14388,1,7.5
2021,11/19/2021,14386,4,22
2021,11/19/2021,14387,2,7.5
2021,11/19/2021,14372,1,7
2021,11/19/2021,14373,2,9
2021,11/19/2021,14371,4,7.7
2021,11/19/2021,14369,5,93
2021,11/19/2021,14370,2,24.5
2021,11/19/2021,14374,10,5
2021,11/19/2021,14378,1,2
2021,11/19/2021,14379,4,13
2021,11/19/2021,14377,1,2.5
2021,11/19/2021,14375,1,18
2021,11/19/2021,14376,2,4
2021,11/20/2021,14403,5,63.5
2021,11/20/2021,14404,1,11
2021,11/20/2021,14401,4,60.5
2021,11/20/2021,14402,1,3
2021,11/20/2021,14405,5,79
2021,11/20/2021,14408,3,9.5
2021,11/20/2021,14409,2,2
2021,11/20/2021,14406,2,53
2021,11/20/2021,14407,3,10.5
2021,11/20/2021,14400,1,3
2021,11/20/2021,14393,1,36
2021,11/20/2021,14394,1,1.6
2021,11/20/2021,14391,1,6.5
2021,11/20/2021,14392,3,41.5
2021,11/20/2021,14395,2,20
2021,11/20/2021,14398,1,2
2021,11/20/2021,14399,2,1.2
2021,11/20/2021,14396,10,26
2021,11/20/2021,14397,1,31
2021,11/21/2021,14418,25,35
2021,11/21/2021,14417,16,37
2021,11/21/2021,14416,2,14
2021,11/21/2021,14421,1,9.5
2021,11/21/2021,14420,3,14.5
2021,11/21/2021,14419,3,11
2021,11/21/2021,14412,11,39
2021,11/21/2021,14411,3,57.5
2021,11/21/2021,14410,6,21
2021,11/21/2021,14415,4,38
2021,11/21/2021,14414,3,30
2021,11/21/2021,14413,2,34
2021,11/22/2021,14438,1,14.5
2021,11/22/2021,14439,35,61.1
2021,11/22/2021,14440,2,13.5
2021,11/22/2021,14435,2,25
2021,11/22/2021,14436,1,9
2021,11/22/2021,14437,1,5
2021,11/22/2021,14444,2,9
2021,11/22/2021,14445,1,17
2021,11/22/2021,14446,2,4
2021,11/22/2021,14441,1,26.33
2021,11/22/2021,14442,12,11
2021,11/22/2021,14443,20,100.2
2021,11/22/2021,14434,31,6.7
2021,11/22/2021,14425,2,32.5
2021,11/22/2021,14426,7,13.4
2021,11/22/2021,14427,1,25
2021,11/22/2021,14422,7,17.7
2021,11/22/2021,14423,8,26
2021,11/22/2021,14424,1,175
2021,11/22/2021,14431,1,1
2021,11/22/2021,14432,2,24.5
2021,11/22/2021,14433,1,11
2021,11/22/2021,14428,2,4
2021,11/22/2021,14429,3,20
2021,11/22/2021,14430,1,4
2021,11/23/2021,14461,21,11.4
2021,11/23/2021,14462,1,9
2021,11/23/2021,14460,2,29
2021,11/23/2021,14458,1,31
2021,11/23/2021,14459,23,35
2021,11/23/2021,14463,3,13.5
2021,11/23/2021,14467,7,82.5
2021,11/23/2021,14468,2,11
2021,11/23/2021,14466,5,29
2021,11/23/2021,14464,39,40.9
2021,11/23/2021,14465,1,10
2021,11/23/2021,14450,2,14
2021,11/23/2021,14451,2,13.5
2021,11/23/2021,14449,28,8.4
2021,11/23/2021,14447,1,10
2021,11/23/2021,14448,2,3
2021,11/23/2021,14452,2,3
2021,11/23/2021,14456,2,1.2
2021,11/23/2021,14457,2,20
2021,11/23/2021,14455,11,48
2021,11/23/2021,14453,13,87
2021,11/23/2021,14454,2,39.5
2021,11/24/2021,14485,4,33
2021,11/24/2021,14486,1,2.5
2021,11/24/2021,14487,4,70
2021,11/24/2021,14482,3,6
2021,11/24/2021,14483,1,2.5
2021,11/24/2021,14484,10,26
2021,11/24/2021,14491,1,16.5
2021,11/24/2021,14492,1,2.5
2021,11/24/2021,14493,5,28.5
2021,11/24/2021,14488,1,17
2021,11/24/2021,14489,1,2.5
2021,11/24/2021,14490,3,36
2021,11/24/2021,14481,5,29
2021,11/24/2021,14472,14,55.8
2021,11/24/2021,14473,2,14
2021,11/24/2021,14474,2,3.5
2021,11/24/2021,14469,3,20
2021,11/24/2021,14470,1,3
2021,11/24/2021,14471,1,28
2021,11/24/2021,14478,20,7
2021,11/24/2021,14479,2,2
2021,11/24/2021,14480,1,14.5
2021,11/24/2021,14475,1,3.5
2021,11/24/2021,14476,1,4
2021,11/24/2021,14477,3,8.7
2021,11/25/2021,14518,20,46
2021,11/25/2021,14517,1,11
2021,11/25/2021,14520,1,3.5
2021,11/25/2021,14519,1,11
2021,11/25/2021,14516,1,11
2021,11/25/2021,14513,1,1.5
2021,11/25/2021,14512,4,8.6
2021,11/25/2021,14515,1,5
2021,11/25/2021,14514,2,11
2021,11/25/2021,14527,1,3.5
2021,11/25/2021,14526,8,64
2021,11/25/2021,14529,1,10
2021,11/25/2021,14528,1,5
2021,11/25/2021,14525,1,7.5
2021,11/25/2021,14522,11,16.7
2021,11/25/2021,14521,1,14.5
2021,11/25/2021,14524,7,19.5
2021,11/25/2021,14523,6,178
2021,11/25/2021,14500,1,21
2021,11/25/2021,14499,1,3.5
2021,11/25/2021,14502,2,32
2021,11/25/2021,14501,1,10
2021,11/25/2021,14498,2,68
2021,11/25/2021,14495,1,37
2021,11/25/2021,14494,1,17
2021,11/25/2021,14497,3,38.7
2021,11/25/2021,14496,2,60
2021,11/25/2021,14509,1,1
2021,11/25/2021,14508,2,10
2021,11/25/2021,14511,1,30
2021,11/25/2021,14510,6,4.8
2021,11/25/2021,14507,16,59.8
2021,11/25/2021,14504,1,4
2021,11/25/2021,14503,1,1.5
2021,11/25/2021,14506,3,1.6
2021,11/25/2021,14505,2,49
2021,11/26/2021,14541,2,4
2021,11/26/2021,14542,4,11.5
2021,11/26/2021,14539,1,1.5
2021,11/26/2021,14540,1,3
2021,11/26/2021,14545,3,2.1
2021,11/26/2021,14546,2,36
2021,11/26/2021,14543,3,24.5
2021,11/26/2021,14544,7,4.9
2021,11/26/2021,14538,8,8
2021,11/26/2021,14532,1,10
2021,11/26/2021,14533,1,2.5
2021,11/26/2021,14530,1,4
2021,11/26/2021,14531,1,3.5
2021,11/26/2021,14536,10,3
2021,11/26/2021,14537,7,33
2021,11/26/2021,14534,1,22
2021,11/26/2021,14535,3,3
2021,11/27/2021,14561,2,12.5
2021,11/27/2021,14562,7,18.9
2021,11/27/2021,14560,10,26
2021,11/27/2021,14558,3,34.5
2021,11/27/2021,14559,3,48
2021,11/27/2021,14563,4,25.5
2021,11/27/2021,14567,3,6
2021,11/27/2021,14568,3,3
2021,11/27/2021,14566,3,47.5
2021,11/27/2021,14564,2,11
2021,11/27/2021,14565,3,23
2021,11/27/2021,14550,3,35.5
2021,11/27/2021,14551,1,2
2021,11/27/2021,14549,2,13.5
2021,11/27/2021,14547,15,4.5
2021,11/27/2021,14548,4,23.2
2021,11/27/2021,14552,3,1.8
2021,11/27/2021,14556,1,6.5
2021,11/27/2021,14557,1,44
2021,11/27/2021,14555,21,70
2021,11/27/2021,14553,1,17
2021,11/27/2021,14554,1,17
2021,11/28/2021,14580,3,3
2021,11/28/2021,14581,1,3.5
2021,11/28/2021,14578,12,20
2021,11/28/2021,14579,11,73.2
2021,11/28/2021,14584,6,15
2021,11/28/2021,14585,1,3.5
2021,11/28/2021,14582,3,7.5
2021,11/28/2021,14583,2,10
2021,11/28/2021,14577,2,3
2021,11/28/2021,14571,2,8.5
2021,11/28/2021,14572,2,21
2021,11/28/2021,14569,4,41.5
2021,11/28/2021,14570,1,4
2021,11/28/2021,14575,58,89.7
2021,11/28/2021,14576,4,10
2021,11/28/2021,14573,10,6
2021,11/28/2021,14574,4,13.2
2021,11/29/2021,14602,1,17.5
2021,11/29/2021,14603,1,12.5
2021,11/29/2021,14604,2,19.5
2021,11/29/2021,14599,1,5
2021,11/29/2021,14600,10,26
2021,11/29/2021,14601,3,8.2
2021,11/29/2021,14605,1,14.5
2021,11/29/2021,14609,3,11
2021,11/29/2021,14610,1,3.5
2021,11/29/2021,14611,1,1.5
2021,11/29/2021,14606,6,50
2021,11/29/2021,14607,1,3.5
2021,11/29/2021,14608,1,8.5
2021,11/29/2021,14589,1,1
2021,11/29/2021,14590,5,4.2
2021,11/29/2021,14591,2,20
2021,11/29/2021,14586,1,20
2021,11/29/2021,14587,1,14.5
2021,11/29/2021,14588,11,3.7
2021,11/29/2021,14592,1,13
2021,11/29/2021,14596,2,78
2021,11/29/2021,14597,3,3.4
2021,11/29/2021,14598,21,79.51
2021,11/29/2021,14593,1,10
2021,11/29/2021,14594,1,1
2021,11/29/2021,14595,3,18
2021,11/30/2021,14636,1,1
2021,11/30/2021,14635,1,26
2021,11/30/2021,14638,3,76.5
2021,11/30/2021,14637,1,11
2021,11/30/2021,14634,4,26.5
2021,11/30/2021,14631,2,4.7
2021,11/30/2021,14630,2,12.5
2021,11/30/2021,14633,1,20
2021,11/30/2021,14632,3,12.1
2021,11/30/2021,14645,3,11.1
2021,11/30/2021,14644,28,8.44
2021,11/30/2021,14647,1,1.5
2021,11/30/2021,14646,1,3.5
2021,11/30/2021,14643,1,2
2021,11/30/2021,14640,5,21.5
2021,11/30/2021,14639,1,10
2021,11/30/2021,14642,1,1.6
2021,11/30/2021,14641,1,2
2021,11/30/2021,14618,1,13
2021,11/30/2021,14617,1,12.5
2021,11/30/2021,14620,2,12
2021,11/30/2021,14619,1,17
2021,11/30/2021,14616,1,3.5
2021,11/30/2021,14613,2,15
2021,11/30/2021,14612,2,22
2021,11/30/2021,14615,1,9
2021,11/30/2021,14614,1,1
2021,11/30/2021,14627,3,1.8
2021,11/30/2021,14626,3,52
2021,11/30/2021,14629,2,33.5
2021,11/30/2021,14628,2,2
2021,11/30/2021,14625,1,1.5
2021,11/30/2021,14622,1,9
2021,11/30/2021,14621,1,13
2021,11/30/2021,14624,5,1
2021,11/30/2021,14623,1,2
2021,1/3/2022,15474,2,21
2021,1/3/2022,15475,2,20
2021,1/3/2022,15476,2,25.5
2021,1/3/2022,15473,3,3
2021,1/3/2022,15470,2,1.2
2021,1/3/2022,15471,7,10.8
2021,1/3/2022,15472,2,49
2021,1/3/2022,15481,1,25
2021,1/3/2022,15482,3,29.5
2021,1/3/2022,15483,1,0.6
2021,1/3/2022,15480,3,20
2021,1/3/2022,15477,1,18
2021,1/3/2022,15478,7,35.4
2021,1/3/2022,15479,2,26
2021,1/3/2022,15469,1,8
2021,1/3/2022,15459,1,44
2021,1/3/2022,15460,2,4
2021,1/3/2022,15461,1,1
2021,1/3/2022,15458,2,2
2021,1/3/2022,15455,4,25.2
2021,1/3/2022,15456,3,14
2021,1/3/2022,15457,5,12.7
2021,1/3/2022,15466,5,24
2021,1/3/2022,15467,3,20.5
2021,1/3/2022,15468,8,11
2021,1/3/2022,15465,4,6
2021,1/3/2022,15462,1,3
2021,1/3/2022,15463,2,34
2021,1/3/2022,15464,4,22
2021,1/4/2022,15500,6,19.4
2021,1/4/2022,15501,2,62
2021,1/4/2022,15502,26,19.5
2021,1/4/2022,15497,23,246.6
2021,1/4/2022,15498,1,36
2021,1/4/2022,15499,3,22.6
2021,1/4/2022,15506,1,22
2021,1/4/2022,15507,3,83
2021,1/4/2022,15508,3,3
2021,1/4/2022,15503,1,127
2021,1/4/2022,15504,1,10
2021,1/4/2022,15505,1,3.5
2021,1/4/2022,15496,2,34.5
2021,1/4/2022,15487,6,93
2021,1/4/2022,15488,1,0.6
2021,1/4/2022,15489,2,26.5
2021,1/4/2022,15484,3,5
2021,1/4/2022,15485,2,25
2021,1/4/2022,15486,1,13
2021,1/4/2022,15493,1,1
2021,1/4/2022,15494,3,11
2021,1/4/2022,15495,5,3
2021,1/4/2022,15490,2,9
2021,1/4/2022,15491,2,9
2021,1/4/2022,15492,13,42
2021,1/5/2022,15531,1,1
2021,1/5/2022,15530,1,50
2021,1/5/2022,15533,10,2.5
2021,1/5/2022,15532,2,22.5
2021,1/5/2022,15527,1,36
2021,1/5/2022,15526,1,10
2021,1/5/2022,15529,1,25
2021,1/5/2022,15528,2,23
2021,1/5/2022,15539,2,2.4
2021,1/5/2022,15538,1,7
2021,1/5/2022,15541,2,12
2021,1/5/2022,15540,2,4
2021,1/5/2022,15535,1,1
2021,1/5/2022,15534,2,11
2021,1/5/2022,15537,5,10.5
2021,1/5/2022,15536,1,8
2021,1/5/2022,15525,2,32
2021,1/5/2022,15514,2,4
2021,1/5/2022,15513,1,0.6
2021,1/5/2022,15516,2,7
2021,1/5/2022,15515,15,22.5
2021,1/5/2022,15510,1,8
2021,1/5/2022,15509,3,33.5
2021,1/5/2022,15512,7,41.5
2021,1/5/2022,15511,1,4.5
2021,1/5/2022,15522,2,13
2021,1/5/2022,15521,4,4
2021,1/5/2022,15524,2,65
2021,1/5/2022,15523,1,8
2021,1/5/2022,15518,1,10
2021,1/5/2022,15517,3,12.5
2021,1/5/2022,15520,1,1
2021,1/5/2022,15519,3,22
2021,1/6/2022,15561,1,2
2021,1/6/2022,15562,4,12.8
2021,1/6/2022,15563,1,19
2021,1/6/2022,15560,1,49
2021,1/6/2022,15557,1,2
2021,1/6/2022,15558,1,16.5
2021,1/6/2022,15559,13,53.1
2021,1/6/2022,15564,15,12.5
2021,1/6/2022,15569,31,258.5
2021,1/6/2022,15570,2,18
2021,1/6/2022,15571,2,4.3
2021,1/6/2022,15568,2,11
2021,1/6/2022,15565,1,3.5
2021,1/6/2022,15566,3,3.2
2021,1/6/2022,15567,1,7
2021,1/6/2022,15546,1,2
2021,1/6/2022,15547,1,28
2021,1/6/2022,15548,1,2
2021,1/6/2022,15545,1,11
2021,1/6/2022,15542,3,47
2021,1/6/2022,15543,4,4
2021,1/6/2022,15544,4,32.8
2021,1/6/2022,15549,22,69
2021,1/6/2022,15554,31,31.4
2021,1/6/2022,15555,1,21
2021,1/6/2022,15556,3,23
2021,1/6/2022,15553,4,3.6
2021,1/6/2022,15550,1,6
2021,1/6/2022,15551,5,6.3
2021,1/6/2022,15552,20,12
2021,1/7/2022,15593,4,1.2
2021,1/7/2022,15592,3,6
2021,1/7/2022,15595,4,2
2021,1/7/2022,15594,3,33
2021,1/7/2022,15589,2,4
2021,1/7/2022,15588,1,34
2021,1/7/2022,15591,1,49
2021,1/7/2022,15590,1,1.6
2021,1/7/2022,15601,6,25.2
2021,1/7/2022,15600,4,71.5
2021,1/7/2022,15603,1,2
2021,1/7/2022,15602,3,25.6
2021,1/7/2022,15597,1,14.5
2021,1/7/2022,15596,18,12.95
2021,1/7/2022,15599,1,9
2021,1/7/2022,15598,5,3.2
2021,1/7/2022,15577,1,25
2021,1/7/2022,15576,1,13
2021,1/7/2022,15579,2,4
2021,1/7/2022,15578,5,6.5
2021,1/7/2022,15573,1,1.2
2021,1/7/2022,15572,3,11
2021,1/7/2022,15575,4,4
2021,1/7/2022,15574,3,47
2021,1/7/2022,15585,1,12
2021,1/7/2022,15584,20,14
2021,1/7/2022,15587,2,4
2021,1/7/2022,15586,1,11
2021,1/7/2022,15581,1,4
2021,1/7/2022,15580,1,0.6
2021,1/7/2022,15583,2,1.2
2021,1/7/2022,15582,2,1.2
2021,1/8/2022,15624,2,31.5
2021,1/8/2022,15625,1,6
2021,1/8/2022,15626,18,20.7
2021,1/8/2022,15623,2,26.5
2021,1/8/2022,15620,4,28
2021,1/8/2022,15621,1,24
2021,1/8/2022,15622,1,9
2021,1/8/2022,15627,3,13
2021,1/8/2022,15632,1,21
2021,1/8/2022,15633,1,2
2021,1/8/2022,15634,3,8
2021,1/8/2022,15631,1,19
2021,1/8/2022,15628,1,3
2021,1/8/2022,15629,1,16
2021,1/8/2022,15630,1,10
2021,1/8/2022,15619,2,11
2021,1/8/2022,15608,3,14
2021,1/8/2022,15609,11,38
2021,1/8/2022,15610,2,8
2021,1/8/2022,15607,4,58.5
2021,1/8/2022,15604,8,27.5
2021,1/8/2022,15605,3,11.6
2021,1/8/2022,15606,1,13
2021,1/8/2022,15611,1,2
2021,1/8/2022,15616,2,12
2021,1/8/2022,15617,2,26.5
2021,1/8/2022,15618,1,0.6
2021,1/8/2022,15615,24,12.6
2021,1/8/2022,15612,1,2.5
2021,1/8/2022,15613,2,13.5
2021,1/8/2022,15614,1,9
2021,1/9/2022,15645,3,0.9
2021,1/9/2022,15644,1,2
2021,1/9/2022,15643,2,14
2021,1/9/2022,15646,5,1
2021,1/9/2022,15649,1,2
2021,1/9/2022,15648,1,2
2021,1/9/2022,15647,2,65
2021,1/9/2022,15642,5,5
2021,1/9/2022,15637,1,8.5
2021,1/9/2022,15636,1,13
2021,1/9/2022,15635,1,3
2021,1/9/2022,15638,20,16.6
2021,1/9/2022,15641,1,2
2021,1/9/2022,15640,5,19.6
2021,1/9/2022,15639,6,19
2021,1/10/2022,15663,3,22
2021,1/10/2022,15664,2,2.3
2021,1/10/2022,15662,1,11
2021,1/10/2022,15660,3,8
2021,1/10/2022,15661,5,31.2
2021,1/10/2022,15668,1,6
2021,1/10/2022,15669,3,11.2
2021,1/10/2022,15667,2,2
2021,1/10/2022,15665,9,21
2021,1/10/2022,15666,1,18
2021,1/10/2022,15653,2,14.5
2021,1/10/2022,15654,2,3
2021,1/10/2022,15652,5,3
2021,1/10/2022,15650,1,3
2021,1/10/2022,15651,1,12
2021,1/10/2022,15658,30,15.8
2021,1/10/2022,15659,3,10.2
2021,1/10/2022,15657,2,4
2021,1/10/2022,15655,1,2
2021,1/10/2022,15656,1,2
2021,1/11/2022,15687,2,4
2021,1/11/2022,15688,1,3.5
2021,1/11/2022,15689,3,5.1
2021,1/11/2022,15684,2,23
2021,1/11/2022,15685,3,22.7
2021,1/11/2022,15686,4,25.5
2021,1/11/2022,15690,5,14.3
2021,1/11/2022,15694,2,19
2021,1/11/2022,15695,1,20
2021,1/11/2022,15696,5,9.2
2021,1/11/2022,15691,1,5
2021,1/11/2022,15692,3,23.5
2021,1/11/2022,15693,2,11.3
2021,1/11/2022,15683,2,1.2
2021,1/11/2022,15673,14,40.3
2021,1/11/2022,15674,1,21
2021,1/11/2022,15675,1,2
2021,1/11/2022,15670,4,25.4
2021,1/11/2022,15671,1,19
2021,1/11/2022,15672,2,21.5
2021,1/11/2022,15676,1,9
2021,1/11/2022,15680,1,3.5
2021,1/11/2022,15681,1,10
2021,1/11/2022,15682,1,22.5
2021,1/11/2022,15677,2,41
2021,1/11/2022,15678,7,5
2021,1/11/2022,15679,5,72
2021,1/12/2022,15714,1,3.5
2021,1/12/2022,15715,4,23.2
2021,1/12/2022,15716,10,50
2021,1/12/2022,15711,8,43.4
2021,1/12/2022,15712,1,0.6
2021,1/12/2022,15713,1,2
2021,1/12/2022,15717,2,67
2021,1/12/2022,15721,5,33.5
2021,1/12/2022,15722,23,25.1
2021,1/12/2022,15723,3,46
2021,1/12/2022,15718,3,26
2021,1/12/2022,15719,1,4.5
2021,1/12/2022,15720,1,8.5
2021,1/12/2022,15710,1,6
2021,1/12/2022,15700,2,4
2021,1/12/2022,15701,1,8.5
2021,1/12/2022,15702,20,54
2021,1/12/2022,15697,1,6.5
2021,1/12/2022,15698,1,10
2021,1/12/2022,15699,2,5
2021,1/12/2022,15703,5,109.9
2021,1/12/2022,15707,5,13.5
2021,1/12/2022,15708,1,3
2021,1/12/2022,15709,1,3
2021,1/12/2022,15704,1,11
2021,1/12/2022,15705,4,9.2
2021,1/12/2022,15706,1,50
2021,1/13/2022,15742,5,59.6
2021,1/13/2022,15743,1,2
2021,1/13/2022,15744,1,2
2021,1/13/2022,15741,2,7
2021,1/13/2022,15738,1,2
2021,1/13/2022,15739,1,10
2021,1/13/2022,15740,1,3
2021,1/13/2022,15749,1,23
2021,1/13/2022,15750,5,1.9
2021,1/13/2022,15751,22,99
2021,1/13/2022,15748,2,11
2021,1/13/2022,15745,5,40.5
2021,1/13/2022,15746,5,16
2021,1/13/2022,15747,1,11
2021,1/13/2022,15728,1,6
2021,1/13/2022,15729,1,2
2021,1/13/2022,15730,9,8.9
2021,1/13/2022,15727,1,2
2021,1/13/2022,15724,1,6.5
2021,1/13/2022,15725,15,45
2021,1/13/2022,15726,4,31
2021,1/13/2022,15735,2,1.2
2021,1/13/2022,15736,1,2.3
2021,1/13/2022,15737,1,5
2021,1/13/2022,15734,1,10
2021,1/13/2022,15731,1,1.7
2021,1/13/2022,15732,1,18
2021,1/13/2022,15733,1,21
2021,1/14/2022,15765,15,5.25
2021,1/14/2022,15766,1,10
2021,1/14/2022,15764,2,46
2021,1/14/2022,15762,2,8
2021,1/14/2022,15763,1,8.5
2021,1/14/2022,15770,2,30
2021,1/14/2022,15771,1,3.5
2021,1/14/2022,15769,1,1
2021,1/14/2022,15767,1,3.5
2021,1/14/2022,15768,1,3.5
2021,1/14/2022,15755,1,4.5
2021,1/14/2022,15756,5,27.1
2021,1/14/2022,15754,12,14.4
2021,1/14/2022,15752,2,11
2021,1/14/2022,15753,1,1.7
2021,1/14/2022,15760,1,2.5
2021,1/14/2022,15761,1,18
2021,1/14/2022,15759,3,6
2021,1/14/2022,15757,5,69.6
2021,1/14/2022,15758,5,14.1
2021,1/15/2022,15782,2,11
2021,1/15/2022,15781,3,21
2021,1/15/2022,15780,1,0.6
2021,1/15/2022,15783,1,1
2021,1/15/2022,15786,2,11.3
2021,1/15/2022,15785,8,86.3
2021,1/15/2022,15784,2,16.5
2021,1/15/2022,15779,21,99
2021,1/15/2022,15774,3,1.8
2021,1/15/2022,15773,4,48
2021,1/15/2022,15772,23,21.1
2021,1/15/2022,15775,2,8
2021,1/15/2022,15778,1,3.5
2021,1/15/2022,15777,3,103
2021,1/15/2022,15776,1,21
2021,1/16/2022,15797,1,2
2021,1/16/2022,15796,1,12
2021,1/16/2022,15795,4,22
2021,1/16/2022,15798,4,39.5
2021,1/16/2022,15801,7,17.8
2021,1/16/2022,15800,1,2
2021,1/16/2022,15799,6,59
2021,1/16/2022,15794,4,57
2021,1/16/2022,15789,1,1.7
2021,1/16/2022,15788,1,3
2021,1/16/2022,15787,1,6.5
2021,1/16/2022,15790,4,27.5
2021,1/16/2022,15793,1,10
2021,1/16/2022,15792,2,1.2
2021,1/16/2022,15791,2,37
2021,1/17/2022,15818,6,7
2021,1/17/2022,15819,1,2
2021,1/17/2022,15820,10,54
2021,1/17/2022,15815,3,1.5
2021,1/17/2022,15816,10,30
2021,1/17/2022,15817,1,3.5
2021,1/17/2022,15821,2,20
2021,1/17/2022,15825,2,4
2021,1/17/2022,15826,4,4.4
2021,1/17/2022,15827,1,9
2021,1/17/2022,15822,16,8.75
2021,1/17/2022,15823,3,33.5
2021,1/17/2022,15824,7,54.7
2021,1/17/2022,15805,1,3.5
2021,1/17/2022,15806,1,10
2021,1/17/2022,15807,102,84.04
2021,1/17/2022,15802,1,3.5
2021,1/17/2022,15803,1,14
2021,1/17/2022,15804,3,3
2021,1/17/2022,15808,1,2
2021,1/17/2022,15812,3,64
2021,1/17/2022,15813,16,6.95
2021,1/17/2022,15814,10,15
2021,1/17/2022,15809,11,11
2021,1/17/2022,15810,38,10.4
2021,1/17/2022,15811,1,2.5
2021,1/18/2022,15841,3,8.1
2021,1/18/2022,15842,3,4.5
2021,1/18/2022,15840,1,46
2021,1/18/2022,15838,3,41
2021,1/18/2022,15839,2,16.5
2021,1/18/2022,15846,2,5.5
2021,1/18/2022,15847,1,1
2021,1/18/2022,15845,2,12
2021,1/18/2022,15843,3,24
2021,1/18/2022,15844,2,4
2021,1/18/2022,15831,2,9
2021,1/18/2022,15832,20,4
2021,1/18/2022,15830,3,3
2021,1/18/2022,15828,4,11.8
2021,1/18/2022,15829,2,2.6
2021,1/18/2022,15836,3,19.6
2021,1/18/2022,15837,5,155
2021,1/18/2022,15835,6,67
2021,1/18/2022,15833,3,14.2
2021,1/18/2022,15834,21,24.7
2021,1/19/2022,15859,1,10
2021,1/19/2022,15860,2,15.1
2021,1/19/2022,15857,1,2.3
2021,1/19/2022,15858,6,21.8
2021,1/19/2022,15863,3,13
2021,1/19/2022,15864,1,2.5
2021,1/19/2022,15861,1,1.6
2021,1/19/2022,15862,1,2.3
2021,1/19/2022,15856,1,2.5
2021,1/19/2022,15850,1,2
2021,1/19/2022,15851,1,2
2021,1/19/2022,15848,2,15
2021,1/19/2022,15849,1,0.8
2021,1/19/2022,15854,3,25
2021,1/19/2022,15855,6,6
2021,1/19/2022,15852,1,2
2021,1/19/2022,15853,1,6.5
2021,1/20/2022,15878,2,2.6
2021,1/20/2022,15879,2,9.6
2021,1/20/2022,15877,2,2.3
2021,1/20/2022,15875,4,7.2
2021,1/20/2022,15876,4,28.4
2021,1/20/2022,15883,1,2
2021,1/20/2022,15884,2,1.2
2021,1/20/2022,15882,2,1.8
2021,1/20/2022,15880,4,25.5
2021,1/20/2022,15881,1,17
2021,1/20/2022,15868,6,27.5
2021,1/20/2022,15869,1,2
2021,1/20/2022,15867,1,9
2021,1/20/2022,15865,1,3
2021,1/20/2022,15866,1,9
2021,1/20/2022,15873,28,8.4
2021,1/20/2022,15874,1,6.5
2021,1/20/2022,15872,2,11
2021,1/20/2022,15870,1,12
2021,1/20/2022,15871,5,3
2021,1/21/2022,15897,2,1.2
2021,1/21/2022,15898,1,9
2021,1/21/2022,15895,3,19.5
2021,1/21/2022,15896,2,6
2021,1/21/2022,15899,1,2
2021,1/21/2022,15902,1,5
2021,1/21/2022,15903,2,25
2021,1/21/2022,15900,4,8.4
2021,1/21/2022,15901,3,24.7
2021,1/21/2022,15894,3,22
2021,1/21/2022,15887,18,29.5
2021,1/21/2022,15888,2,2
2021,1/21/2022,15885,4,4
2021,1/21/2022,15886,1,31
2021,1/21/2022,15889,15,19.5
2021,1/21/2022,15892,1,9
2021,1/21/2022,15893,2,20
2021,1/21/2022,15890,4,3.8
2021,1/21/2022,15891,1,6.5
2021,1/22/2022,15917,2,38
2021,1/22/2022,15918,2,4.6
2021,1/22/2022,15916,6,4.9
2021,1/22/2022,15914,2,4
2021,1/22/2022,15915,10,30
2021,1/22/2022,15922,4,14
2021,1/22/2022,15923,2,12.5
2021,1/22/2022,15921,2,83
2021,1/22/2022,15919,2,4.1
2021,1/22/2022,15920,22,29
2021,1/22/2022,15907,1,2
2021,1/22/2022,15908,1,6
2021,1/22/2022,15906,2,1
2021,1/22/2022,15904,7,39.7
2021,1/22/2022,15905,6,3
2021,1/22/2022,15912,1,46
2021,1/22/2022,15913,7,11.9
2021,1/22/2022,15911,1,4.5
2021,1/22/2022,15909,3,20
2021,1/22/2022,15910,1,36
2021,1/23/2022,15931,1,2.5
2021,1/23/2022,15930,1,1.7
2021,1/23/2022,15932,5,3
2021,1/23/2022,15934,27,67.8
2021,1/23/2022,15933,1,11
2021,1/23/2022,15929,1,3.5
2021,1/23/2022,15925,1,14.5
2021,1/23/2022,15924,16,109.6
2021,1/23/2022,15926,3,1.8
2021,1/23/2022,15928,5,6.5
2021,1/23/2022,15927,1,1.7
2021,1/24/2022,15950,2,21
2021,1/24/2022,15951,5,7.5
2021,1/24/2022,15952,2,5
2021,1/24/2022,15947,3,4.5
2021,1/24/2022,15948,7,22.2
2021,1/24/2022,15949,9,11.6
2021,1/24/2022,15956,16,16.25
2021,1/24/2022,15957,21,75
2021,1/24/2022,15958,1,2.5
2021,1/24/2022,15953,2,12.3
2021,1/24/2022,15954,1,2.5
2021,1/24/2022,15955,2,7
2021,1/24/2022,15938,1,13
2021,1/24/2022,15939,2,3.4
2021,1/24/2022,15940,3,3.6
2021,1/24/2022,15935,1,9
2021,1/24/2022,15936,8,198
2021,1/24/2022,15937,4,19
2021,1/24/2022,15944,1,3.5
2021,1/24/2022,15945,14,59.2
2021,1/24/2022,15946,10,21
2021,1/24/2022,15941,1,19
2021,1/24/2022,15942,5,27.5
2021,1/24/2022,15943,1,7.5
2021,1/25/2022,15970,3,24.5
2021,1/25/2022,15971,1,29
2021,1/25/2022,15968,1,15
2021,1/25/2022,15969,1,9
2021,1/25/2022,15972,3,37.5
2021,1/25/2022,15975,1,0.6
2021,1/25/2022,15976,2,4
2021,1/25/2022,15973,6,44.1
2021,1/25/2022,15974,2,11
2021,1/25/2022,15961,3,28.5
2021,1/25/2022,15962,5,13.5
2021,1/25/2022,15959,2,13.5
2021,1/25/2022,15960,2,1.2
2021,1/25/2022,15963,1,23
2021,1/25/2022,15966,1,0.6
2021,1/25/2022,15967,1,12.5
2021,1/25/2022,15964,1,3
2021,1/25/2022,15965,1,2.5
2021,1/26/2022,15992,1,3.5
2021,1/26/2022,15993,6,20.3
2021,1/26/2022,15991,3,6.3
2021,1/26/2022,15989,1,4.5
2021,1/26/2022,15990,1,10
2021,1/26/2022,15994,1,18
2021,1/26/2022,15998,1,46
2021,1/26/2022,15999,5,11.9
2021,1/26/2022,15997,1,14.5
2021,1/26/2022,15995,1,1.6
2021,1/26/2022,15996,1,1
2021,1/26/2022,15988,1,9
2021,1/26/2022,15980,1,3.5
2021,1/26/2022,15981,2,31
2021,1/26/2022,15979,2,4
2021,1/26/2022,15977,2,2
2021,1/26/2022,15978,1,3
2021,1/26/2022,15982,7,14.7
2021,1/26/2022,15986,1,3.5
2021,1/26/2022,15987,1,2
2021,1/26/2022,15985,2,17.5
2021,1/26/2022,15983,1,64
2021,1/26/2022,15984,57,42.2
2021,1/27/2022,16015,1,2
2021,1/27/2022,16016,1,4
2021,1/27/2022,16017,12,37
2021,1/27/2022,16012,5,51
2021,1/27/2022,16013,2,26
2021,1/27/2022,16014,1,2.5
2021,1/27/2022,16021,2,1
2021,1/27/2022,16022,1,3.5
2021,1/27/2022,16023,2,4.6
2021,1/27/2022,16018,4,38
2021,1/27/2022,16019,3,23.5
2021,1/27/2022,16020,4,2
2021,1/27/2022,16003,5,11.5
2021,1/27/2022,16004,2,38
2021,1/27/2022,16005,1,3.5
2021,1/27/2022,16000,1,10
2021,1/27/2022,16001,2,10
2021,1/27/2022,16002,1,10
2021,1/27/2022,16009,3,14
2021,1/27/2022,16010,2,37.5
2021,1/27/2022,16011,1,6.5
2021,1/27/2022,16006,2,34
2021,1/27/2022,16007,1,17
2021,1/27/2022,16008,1,3.5
2021,1/28/2022,16040,5,13.5
2021,1/28/2022,16041,2,8.5
2021,1/28/2022,16042,1,2
2021,1/28/2022,16037,2,14.7
2021,1/28/2022,16038,1,5.5
2021,1/28/2022,16039,1,3.5
2021,1/28/2022,16046,1,1
2021,1/28/2022,16047,2,2
2021,1/28/2022,16048,2,5
2021,1/28/2022,16043,1,2
2021,1/28/2022,16044,1,3.5
2021,1/28/2022,16045,2,13.5
2021,1/28/2022,16036,3,16.5
2021,1/28/2022,16027,8,63
2021,1/28/2022,16028,2,14.5
2021,1/28/2022,16029,1,14.5
2021,1/28/2022,16024,1,15
2021,1/28/2022,16025,1,1.7
2021,1/28/2022,16026,1,6
2021,1/28/2022,16033,1,2
2021,1/28/2022,16034,2,5.5
2021,1/28/2022,16035,1,11
2021,1/28/2022,16030,11,10
2021,1/28/2022,16031,2,1.2
2021,1/28/2022,16032,6,9
2021,1/29/2022,16063,12,105.1
2021,1/29/2022,16064,1,1
2021,1/29/2022,16062,3,17.6
2021,1/29/2022,16060,10,10
2021,1/29/2022,16061,2,9.5
2021,1/29/2022,16068,7,16.1
2021,1/29/2022,16069,1,22
2021,1/29/2022,16067,1,4
2021,1/29/2022,16065,1,27.5
2021,1/29/2022,16066,2,24.3
2021,1/29/2022,16059,1,1.7
2021,1/29/2022,16052,6,8.5
2021,1/29/2022,16053,7,34
2021,1/29/2022,16051,1,2.5
2021,1/29/2022,16049,2,18
2021,1/29/2022,16050,1,10
2021,1/29/2022,16057,3,16.5
2021,1/29/2022,16058,26,72.9
2021,1/29/2022,16056,2,2
2021,1/29/2022,16054,3,58
2021,1/29/2022,16055,1,4
2021,1/30/2022,16076,3,23
2021,1/30/2022,16075,1,6
2021,1/30/2022,16078,1,14.5
2021,1/30/2022,16077,1,2
2021,1/30/2022,16074,2,12.7
2021,1/30/2022,16071,6,18.2
2021,1/30/2022,16070,3,95
2021,1/30/2022,16073,10,27
2021,1/30/2022,16072,11,50.8
2021,1/31/2022,16092,1,2
2021,1/31/2022,16093,1,2
2021,1/31/2022,16091,8,10
2021,1/31/2022,16089,1,7.5
2021,1/31/2022,16090,21,52.4
2021,1/31/2022,16097,1,2.3
2021,1/31/2022,16098,2,4
2021,1/31/2022,16096,1,2
2021,1/31/2022,16094,1,5
2021,1/31/2022,16095,1,2.5
2021,1/31/2022,16082,6,26
2021,1/31/2022,16083,6,25.5
2021,1/31/2022,16081,3,20
2021,1/31/2022,16079,8,37.3
2021,1/31/2022,16080,5,19.5
2021,1/31/2022,16087,5,28
2021,1/31/2022,16088,1,39
2021,1/31/2022,16086,1,2.5
2021,1/31/2022,16084,3,34.6
2021,1/31/2022,16085,3,24
2021,2/11/2022,16117,28,11.2
2021,2/11/2022,16118,2,4
2021,2/11/2022,16119,3,14
2021,2/11/2022,16116,1,0.6
2021,2/11/2022,16113,1,44
2021,2/11/2022,16114,3,18.2
2021,2/11/2022,16115,2,11
2021,2/11/2022,16124,1,1
2021,2/11/2022,16125,1,1
2021,2/11/2022,16126,2,44
2021,2/11/2022,16123,1,3.5
2021,2/11/2022,16120,2,17
2021,2/11/2022,16121,11,44
2021,2/11/2022,16122,1,34
2021,2/11/2022,16103,1,18
2021,2/11/2022,16104,19,26.7
2021,2/11/2022,16105,1,0.6
2021,2/11/2022,16102,1,2
2021,2/11/2022,16099,12,12
2021,2/11/2022,16100,1,20
2021,2/11/2022,16101,2,46
2021,2/11/2022,16110,20,14
2021,2/11/2022,16111,1,0.6
2021,2/11/2022,16112,2,7
2021,2/11/2022,16109,8,57
2021,2/11/2022,16106,5,8.7
2021,2/11/2022,16107,1,21
2021,2/11/2022,16108,1,2
2021,2/12/2022,16146,6,117
2021,2/12/2022,16147,2,9
2021,2/12/2022,16148,1,18
2021,2/12/2022,16145,1,14.5
2021,2/12/2022,16142,2,11
2021,2/12/2022,16143,2,17.5
2021,2/12/2022,16144,2,7
2021,2/12/2022,16153,1,11
2021,2/12/2022,16154,1,13
2021,2/12/2022,16155,6,4.8
2021,2/12/2022,16152,1,13
2021,2/12/2022,16149,1,6.5
2021,2/12/2022,16150,3,14
2021,2/12/2022,16151,1,3.5
2021,2/12/2022,16141,1,5.5
2021,2/12/2022,16131,1,27.5
2021,2/12/2022,16132,1,2.5
2021,2/12/2022,16133,1,1
2021,2/12/2022,16130,2,19
2021,2/12/2022,16127,2,2.4
2021,2/12/2022,16128,1,6
2021,2/12/2022,16129,2,21
2021,2/12/2022,16138,1,8.5
2021,2/12/2022,16139,1,9
2021,2/12/2022,16140,1,10
2021,2/12/2022,16137,1,3.5
2021,2/12/2022,16134,1,1
2021,2/12/2022,16135,1,24
2021,2/12/2022,16136,1,20
2021,2/13/2022,16167,1,2
2021,2/13/2022,16168,1,35
2021,2/13/2022,16165,3,1.8
2021,2/13/2022,16166,2,13
2021,2/13/2022,16171,3,50
2021,2/13/2022,16172,2,6
2021,2/13/2022,16169,1,14
2021,2/13/2022,16170,10,10.5
2021,2/13/2022,16164,1,7.5
2021,2/13/2022,16158,1,5
2021,2/13/2022,16159,10,41.6
2021,2/13/2022,16156,2,31
2021,2/13/2022,16157,2,2
2021,2/13/2022,16162,10,27
2021,2/13/2022,16163,1,5
2021,2/13/2022,16160,1,1.7
2021,2/13/2022,16161,4,8
2021,2/14/2022,16185,3,5.7
2021,2/14/2022,16186,6,21.2
2021,2/14/2022,16183,3,11.1
2021,2/14/2022,16184,1,0.6
2021,2/14/2022,16187,2,20
2021,2/14/2022,16190,1,2.3
2021,2/14/2022,16191,2,4
2021,2/14/2022,16188,2,2
2021,2/14/2022,16189,1,14.5
2021,2/14/2022,16182,1,1.7
2021,2/14/2022,16175,1,1
2021,2/14/2022,16176,15,21
2021,2/14/2022,16173,2,4
2021,2/14/2022,16174,1,7
2021,2/14/2022,16177,2,28.5
2021,2/14/2022,16180,2,4
2021,2/14/2022,16181,2,3.4
2021,2/14/2022,16178,1,22.5
2021,2/14/2022,16179,1,1
2021,2/15/2022,16202,1,2.7
2021,2/15/2022,16201,5,13.9
2021,2/15/2022,16200,32,77.2
2021,2/15/2022,16203,2,8.5
2021,2/15/2022,16206,2,16.5
2021,2/15/2022,16205,2,36.5
2021,2/15/2022,16204,56,140.85
2021,2/15/2022,16199,1,21
2021,2/15/2022,16194,1,9
2021,2/15/2022,16193,10,5
2021,2/15/2022,16192,20,3
2021,2/15/2022,16195,2,1.2
2021,2/15/2022,16198,2,24.5
2021,2/15/2022,16197,20,14
2021,2/15/2022,16196,1,2
2021,2/16/2022,16227,2,7
2021,2/16/2022,16228,2,31
2021,2/16/2022,16229,1,11
2021,2/16/2022,16226,2,2.3
2021,2/16/2022,16223,3,13.1
2021,2/16/2022,16224,3,49
2021,2/16/2022,16225,2,72
2021,2/16/2022,16230,2,3.6
2021,2/16/2022,16235,16,7.25
2021,2/16/2022,16236,1,5
2021,2/16/2022,16237,1,10
2021,2/16/2022,16234,1,4
2021,2/16/2022,16231,1,47
2021,2/16/2022,16232,20,53.6
2021,2/16/2022,16233,2,12
2021,2/16/2022,16222,4,3.8
2021,2/16/2022,16211,10,5
2021,2/16/2022,16212,2,5
2021,2/16/2022,16213,3,1.8
2021,2/16/2022,16210,1,3.5
2021,2/16/2022,16207,23,81.5
2021,2/16/2022,16208,2,4.8
2021,2/16/2022,16209,10,5
2021,2/16/2022,16214,1,1.7
2021,2/16/2022,16219,1,13
2021,2/16/2022,16220,2,13
2021,2/16/2022,16221,2,9
2021,2/16/2022,16218,2,3.6
2021,2/16/2022,16215,20,4
2021,2/16/2022,16216,1,2
2021,2/16/2022,16217,1,8.5
2021,2/17/2022,16253,8,29.5
2021,2/17/2022,16254,6,27.8
2021,2/17/2022,16255,2,32.5
2021,2/17/2022,16250,1,9
2021,2/17/2022,16251,21,16
2021,2/17/2022,16252,3,9
2021,2/17/2022,16259,2,12
2021,2/17/2022,16260,3,6.2
2021,2/17/2022,16261,2,4
2021,2/17/2022,16256,1,2
2021,2/17/2022,16257,7,36
2021,2/17/2022,16258,2,33
2021,2/17/2022,16241,1,2.3
2021,2/17/2022,16242,1,22.5
2021,2/17/2022,16243,75,92.71
2021,2/17/2022,16238,1,2
2021,2/17/2022,16239,1,1
2021,2/17/2022,16240,2,2
2021,2/17/2022,16247,1,1
2021,2/17/2022,16248,1,6.5
2021,2/17/2022,16249,2,1.6
2021,2/17/2022,16244,1,19
2021,2/17/2022,16245,20,20.2
2021,2/17/2022,16246,1,1.7
2021,2/18/2022,16277,4,40
2021,2/18/2022,16278,7,16
2021,2/18/2022,16276,1,6.5
2021,2/18/2022,16274,4,22.2
2021,2/18/2022,16275,1,12
2021,2/18/2022,16279,2,2.7
2021,2/18/2022,16283,2,15.5
2021,2/18/2022,16284,2,9
2021,2/18/2022,16282,1,21
2021,2/18/2022,16280,17,23.5
2021,2/18/2022,16281,2,2
2021,2/18/2022,16273,6,69.7
2021,2/18/2022,16265,1,12
2021,2/18/2022,16266,2,2
2021,2/18/2022,16264,4,32
2021,2/18/2022,16262,4,4
2021,2/18/2022,16263,5,6.5
2021,2/18/2022,16267,15,5.25
2021,2/18/2022,16271,1,4
2021,2/18/2022,16272,3,5.5
2021,2/18/2022,16270,2,4
2021,2/18/2022,16268,14,28.8
2021,2/18/2022,16269,2,3.5
2021,2/19/2022,16301,1,4
2021,2/19/2022,16302,4,50.6
2021,2/19/2022,16303,2,1.2
2021,2/19/2022,16298,1,18
2021,2/19/2022,16299,11,38
2021,2/19/2022,16300,1,10
2021,2/19/2022,16307,3,61
2021,2/19/2022,16308,22,7
2021,2/19/2022,16309,5,38.5
2021,2/19/2022,16304,3,105
2021,2/19/2022,16305,1,17
2021,2/19/2022,16306,5,23.5
2021,2/19/2022,16297,2,2
2021,2/19/2022,16288,1,14.5
2021,2/19/2022,16289,3,12
2021,2/19/2022,16290,1,63
2021,2/19/2022,16285,2,69
2021,2/19/2022,16286,1,14.5
2021,2/19/2022,16287,1,47
2021,2/19/2022,16294,4,105
2021,2/19/2022,16295,21,14
2021,2/19/2022,16296,3,28
2021,2/19/2022,16291,2,44
2021,2/19/2022,16292,31,41.1
2021,2/19/2022,16293,2,12.5
2021,2/20/2022,16316,15,138.4
2021,2/20/2022,16315,6,12.9
2021,2/20/2022,16318,1,12
2021,2/20/2022,16317,6,21.7
2021,2/20/2022,16314,2,4
2021,2/20/2022,16311,4,2.4
2021,2/20/2022,16310,4,109
2021,2/20/2022,16313,1,38
2021,2/20/2022,16312,4,51.5
2021,2/21/2022,16332,1,2
2021,2/21/2022,16333,4,24.5
2021,2/21/2022,16331,30,78.9
2021,2/21/2022,16329,3,65.5
2021,2/21/2022,16330,1,2
2021,2/21/2022,16337,1,30
2021,2/21/2022,16338,3,10.2
2021,2/21/2022,16336,1,9
2021,2/21/2022,16334,4,12.6
2021,2/21/2022,16335,1,2
2021,2/21/2022,16322,3,6
2021,2/21/2022,16323,1,1
2021,2/21/2022,16321,6,2.2
2021,2/21/2022,16319,1,1
2021,2/21/2022,16320,1,22
2021,2/21/2022,16327,5,51
2021,2/21/2022,16328,1,32
2021,2/21/2022,16326,12,39
2021,2/21/2022,16324,1,18
2021,2/21/2022,16325,2,35
2021,2/22/2022,16353,18,55.2
2021,2/22/2022,16354,2,2
2021,2/22/2022,16352,17,37.1
2021,2/22/2022,16350,1,3
2021,2/22/2022,16351,9,33.3
2021,2/22/2022,16358,1,4
2021,2/22/2022,16359,1,9
2021,2/22/2022,16357,15,77.9
2021,2/22/2022,16355,2,8.5
2021,2/22/2022,16356,1,2
2021,2/22/2022,16349,34,77
2021,2/22/2022,16342,1,10
2021,2/22/2022,16343,3,69.3
2021,2/22/2022,16341,3,4.5
2021,2/22/2022,16339,21,34
2021,2/22/2022,16340,2,4
2021,2/22/2022,16347,1,10
2021,2/22/2022,16348,1,1.7
2021,2/22/2022,16346,1,1
2021,2/22/2022,16344,1,6
2021,2/22/2022,16345,1,2
2021,2/23/2022,16371,2,10.5
2021,2/23/2022,16372,1,2
2021,2/23/2022,16369,1,72
2021,2/23/2022,16370,3,3.2
2021,2/23/2022,16373,15,5.25
2021,2/23/2022,16376,1,3
2021,2/23/2022,16377,1,9
2021,2/23/2022,16374,11,87.2
2021,2/23/2022,16375,2,5
2021,2/23/2022,16362,4,8.4
2021,2/23/2022,16363,2,3.7
2021,2/23/2022,16360,23,29
2021,2/23/2022,16361,5,6.5
2021,2/23/2022,16364,1,17
2021,2/23/2022,16367,20,18.75
2021,2/23/2022,16368,11,11
2021,2/23/2022,16365,4,91
2021,2/23/2022,16366,1,2
2021,2/24/2022,16389,2,7
2021,2/24/2022,16390,2,12
2021,2/24/2022,16387,2,1.2
2021,2/24/2022,16388,1,3.5
2021,2/24/2022,16391,2,84.3
2021,2/24/2022,16394,2,6
2021,2/24/2022,16395,5,7.3
2021,2/24/2022,16392,2,4
2021,2/24/2022,16393,3,4.4
2021,2/24/2022,16380,2,12
2021,2/24/2022,16381,1,9
2021,2/24/2022,16378,1,4
2021,2/24/2022,16379,1,8.5
2021,2/24/2022,16382,20,30
2021,2/24/2022,16385,10,8
2021,2/24/2022,16386,2,20
2021,2/24/2022,16383,1,17
2021,2/24/2022,16384,5,25
2021,2/25/2022,16415,10,27
2021,2/25/2022,16416,1,3.5
2021,2/25/2022,16417,1,2.3
2021,2/25/2022,16414,1,13.5
2021,2/25/2022,16411,10,15
2021,2/25/2022,16412,4,7.4
2021,2/25/2022,16413,1,2.5
2021,2/25/2022,16422,1,0.6
2021,2/25/2022,16423,2,1.2
2021,2/25/2022,16424,1,34
2021,2/25/2022,16421,1,11
2021,2/25/2022,16418,3,19
2021,2/25/2022,16419,1,2
2021,2/25/2022,16420,1,4
2021,2/25/2022,16410,2,26.5
2021,2/25/2022,16400,7,2.1
2021,2/25/2022,16401,1,10
2021,2/25/2022,16402,2,2
2021,2/25/2022,16399,2,1.2
2021,2/25/2022,16396,4,50.5
2021,2/25/2022,16397,27,30.7
2021,2/25/2022,16398,2,17
2021,2/25/2022,16407,1,2.5
2021,2/25/2022,16408,1,10
2021,2/25/2022,16409,1,10
2021,2/25/2022,16406,2,5.5
2021,2/25/2022,16403,1,2.5
2021,2/25/2022,16404,1,10
2021,2/25/2022,16405,1,1
2021,2/26/2022,16440,3,13.5
2021,2/26/2022,16441,3,36.5
2021,2/26/2022,16442,1,2
2021,2/26/2022,16437,1,6.5
2021,2/26/2022,16438,2,4.6
2021,2/26/2022,16439,1,4
2021,2/26/2022,16446,3,6
2021,2/26/2022,16447,1,11
2021,2/26/2022,16448,2,2
2021,2/26/2022,16443,2,11
2021,2/26/2022,16444,1,2.3
2021,2/26/2022,16445,2,14
2021,2/26/2022,16428,19,11.55
2021,2/26/2022,16429,1,2
2021,2/26/2022,16430,10,27
2021,2/26/2022,16425,12,62.5
2021,2/26/2022,16426,2,5
2021,2/26/2022,16427,1,13
2021,2/26/2022,16434,1,2
2021,2/26/2022,16435,2,5.5
2021,2/26/2022,16436,2,36
2021,2/26/2022,16431,4,142
2021,2/26/2022,16432,2,30
2021,2/26/2022,16433,1,9
2021,2/27/2022,16457,1,11
2021,2/27/2022,16456,2,30
2021,2/27/2022,16455,2,2.6
2021,2/27/2022,16460,1,1.7
2021,2/27/2022,16459,1,3.5
2021,2/27/2022,16458,1,2
2021,2/27/2022,16451,1,2
2021,2/27/2022,16450,3,7.6
2021,2/27/2022,16449,2,47
2021,2/27/2022,16454,1,6.5
2021,2/27/2022,16453,1,8.5
2021,2/27/2022,16452,1,4
2021,2/28/2022,16469,1,31
2021,2/28/2022,16468,1,10
2021,2/28/2022,16467,1,0.6
2021,2/28/2022,16472,13,35.5
2021,2/28/2022,16471,2,95
2021,2/28/2022,16470,1,8.5
2021,2/28/2022,16463,10,11.5
2021,2/28/2022,16462,1,3.5
2021,2/28/2022,16461,1,1
2021,2/28/2022,16466,1,2
2021,2/28/2022,16465,1,16
2021,2/28/2022,16464,1,19
2021,3/2/2022,16479,22,30.6
2021,3/2/2022,16478,15,92.9
2021,3/2/2022,16481,5,5
2021,3/2/2022,16480,1,15.5
2021,3/2/2022,16477,45,109.1
2021,3/2/2022,16474,49,187.7
2021,3/2/2022,16473,58,130.05
2021,3/2/2022,16476,32,146.3
2021,3/2/2022,16475,21,130.8
2021,3/3/2022,16490,23,9.7
2021,3/3/2022,16489,4,8
2021,3/3/2022,16488,1,47
2021,3/3/2022,16493,22,140.2
2021,3/3/2022,16492,3,3.2
2021,3/3/2022,16491,1,77
2021,3/3/2022,16484,3,5.1
2021,3/3/2022,16483,1,11
2021,3/3/2022,16482,3,1.8
2021,3/3/2022,16487,15,69.6
2021,3/3/2022,16486,28,11.2
2021,3/3/2022,16485,1,15.5
2021,3/4/2022,16494,14,104.6
2021,3/5/2022,16509,1,10
2021,3/5/2022,16510,2,25.5
2021,3/5/2022,16508,3,3.6
2021,3/5/2022,16506,1,22
2021,3/5/2022,16507,2,23
2021,3/5/2022,16514,1,3
2021,3/5/2022,16515,1,3
2021,3/5/2022,16513,2,13.5
2021,3/5/2022,16511,1,2
2021,3/5/2022,16512,3,7
2021,3/5/2022,16505,5,72
2021,3/5/2022,16498,1,2
2021,3/5/2022,16499,2,42
2021,3/5/2022,16497,1,7.5
2021,3/5/2022,16495,3,6
2021,3/5/2022,16496,1,1.5
2021,3/5/2022,16503,2,16.2
2021,3/5/2022,16504,1,20
2021,3/5/2022,16502,4,5.1
2021,3/5/2022,16500,1,2
2021,3/5/2022,16501,2,31
2021,3/6/2022,16522,18,62.9
2021,3/6/2022,16521,5,8
2021,3/6/2022,16523,1,10
2021,3/6/2022,16525,2,4
2021,3/6/2022,16524,3,7.6
2021,3/6/2022,16517,2,2.6
2021,3/6/2022,16516,4,14
2021,3/6/2022,16518,1,10
2021,3/6/2022,16520,2,3
2021,3/6/2022,16519,1,34
2021,3/7/2022,16545,20,14
2021,3/7/2022,16546,20,54
2021,3/7/2022,16547,2,18
2021,3/7/2022,16544,3,11
2021,3/7/2022,16541,1,10
2021,3/7/2022,16542,2,15
2021,3/7/2022,16543,2,23
2021,3/7/2022,16548,3,6
2021,3/7/2022,16553,1,2
2021,3/7/2022,16554,1,19
2021,3/7/2022,16555,1,4.5
2021,3/7/2022,16552,1,4
2021,3/7/2022,16549,13,21.8
2021,3/7/2022,16550,12,16.8
2021,3/7/2022,16551,2,0.6
2021,3/7/2022,16530,1,6
2021,3/7/2022,16531,20,14
2021,3/7/2022,16532,2,12
2021,3/7/2022,16529,7,170.6
2021,3/7/2022,16526,22,26.5
2021,3/7/2022,16527,4,12
2021,3/7/2022,16528,1,10
2021,3/7/2022,16533,1,2
2021,3/7/2022,16538,2,1.6
2021,3/7/2022,16539,2,1.2
2021,3/7/2022,16540,1,21
2021,3/7/2022,16537,1,1.5
2021,3/7/2022,16534,10,15
2021,3/7/2022,16535,1,30
2021,3/7/2022,16536,1,12
2021,3/8/2022,16570,2,21
2021,3/8/2022,16571,4,3.8
2021,3/8/2022,16569,2,13
2021,3/8/2022,16567,1,2
2021,3/8/2022,16568,2,13.5
2021,3/8/2022,16572,1,9
2021,3/8/2022,16576,1,2
2021,3/8/2022,16577,1,1
2021,3/8/2022,16575,2,4
2021,3/8/2022,16573,3,15
2021,3/8/2022,16574,8,35.5
2021,3/8/2022,16559,1,1.5
2021,3/8/2022,16560,1,1.5
2021,3/8/2022,16558,2,1.2
2021,3/8/2022,16556,4,92.5
2021,3/8/2022,16557,1,13
2021,3/8/2022,16561,2,12
2021,3/8/2022,16565,1,22.5
2021,3/8/2022,16566,1,1.5
2021,3/8/2022,16564,1,1
2021,3/8/2022,16562,7,20.5
2021,3/8/2022,16563,1,4
2021,3/9/2022,16594,5,62.5
2021,3/9/2022,16595,2,31
2021,3/9/2022,16596,1,21
2021,3/9/2022,16591,1,2.5
2021,3/9/2022,16592,1,49
2021,3/9/2022,16593,3,9.4
2021,3/9/2022,16597,1,1.7
2021,3/9/2022,16601,1,1.6
2021,3/9/2022,16602,1,1
2021,3/9/2022,16603,4,19.5
2021,3/9/2022,16598,1,2
2021,3/9/2022,16599,1,6.5
2021,3/9/2022,16600,1,3.5
2021,3/9/2022,16581,1,18
2021,3/9/2022,16582,2,1.2
2021,3/9/2022,16583,1,3.5
2021,3/9/2022,16578,1,2
2021,3/9/2022,16579,1,6.5
2021,3/9/2022,16580,1,1.7
2021,3/9/2022,16584,10,8
2021,3/9/2022,16588,1,5
2021,3/9/2022,16589,4,11
2021,3/9/2022,16590,1,4.5
2021,3/9/2022,16585,1,2.5
2021,3/9/2022,16586,12,8.3
2021,3/9/2022,16587,1,19
2021,3/10/2022,16618,7,72
2021,3/10/2022,16619,2,6
2021,3/10/2022,16617,1,1.7
2021,3/10/2022,16615,1,2
2021,3/10/2022,16616,2,26
2021,3/10/2022,16620,1,19
2021,3/10/2022,16624,1,20
2021,3/10/2022,16625,1,4
2021,3/10/2022,16623,3,5
2021,3/10/2022,16621,3,7
2021,3/10/2022,16622,5,28.2
2021,3/10/2022,16607,1,13
2021,3/10/2022,16608,1,5
2021,3/10/2022,16606,3,31.2
2021,3/10/2022,16604,2,26
2021,3/10/2022,16605,1,5
2021,3/10/2022,16609,20,28
2021,3/10/2022,16613,4,5.6
2021,3/10/2022,16614,1,22.5
2021,3/10/2022,16612,2,2
2021,3/10/2022,16610,2,9
2021,3/10/2022,16611,6,16.2
2021,3/11/2022,16641,5,10
2021,3/11/2022,16642,11,19.9
2021,3/11/2022,16640,2,9
2021,3/11/2022,16638,1,4.5
2021,3/11/2022,16639,1,10
2021,3/11/2022,16643,3,4.6
2021,3/11/2022,16647,2,4.5
2021,3/11/2022,16648,1,3.5
2021,3/11/2022,16646,1,1.5
2021,3/11/2022,16644,1,7
2021,3/11/2022,16645,1,34
2021,3/11/2022,16637,2,22
2021,3/11/2022,16629,6,18.5
2021,3/11/2022,16630,1,3.5
2021,3/11/2022,16628,7,80.5
2021,3/11/2022,16626,2,10.2
2021,3/11/2022,16627,1,2
2021,3/11/2022,16631,10,14
2021,3/11/2022,16635,6,3.2
2021,3/11/2022,16636,1,1.7
2021,3/11/2022,16634,1,1.7
2021,3/11/2022,16632,1,1.7
2021,3/11/2022,16633,1,2
2021,3/12/2022,16672,1,1.7
2021,3/12/2022,16671,3,24
2021,3/12/2022,16674,10,6
2021,3/12/2022,16673,1,2
2021,3/12/2022,16668,3,6.9
2021,3/12/2022,16667,6,6
2021,3/12/2022,16670,2,1
2021,3/12/2022,16669,2,11
2021,3/12/2022,16675,2,2.8
2021,3/12/2022,16681,3,16.8
2021,3/12/2022,16680,2,15
2021,3/12/2022,16683,4,43
2021,3/12/2022,16682,3,5.1
2021,3/12/2022,16677,1,17
2021,3/12/2022,16676,1,2
2021,3/12/2022,16679,2,7
2021,3/12/2022,16678,1,2
2021,3/12/2022,16666,1,2
2021,3/12/2022,16654,3,6
2021,3/12/2022,16653,2,25
2021,3/12/2022,16656,25,29.6
2021,3/12/2022,16655,3,6
2021,3/12/2022,16650,2,2.5
2021,3/12/2022,16649,1,3
2021,3/12/2022,16652,2,4
2021,3/12/2022,16651,1,0.6
2021,3/12/2022,16657,1,8.5
2021,3/12/2022,16663,1,5
2021,3/12/2022,16662,50,54.75
2021,3/12/2022,16665,3,6.6
2021,3/12/2022,16664,1,2
2021,3/12/2022,16659,2,18
2021,3/12/2022,16658,1,13
2021,3/12/2022,16661,1,2
2021,3/12/2022,16660,1,15
2021,3/13/2022,16692,1,8.2
2021,3/13/2022,16691,1,17
2021,3/13/2022,16690,1,2
2021,3/13/2022,16695,2,2
2021,3/13/2022,16694,3,64
2021,3/13/2022,16693,4,24
2021,3/13/2022,16686,2,9
2021,3/13/2022,16685,2,4
2021,3/13/2022,16684,2,5
2021,3/13/2022,16689,2,4
2021,3/13/2022,16688,2,16
2021,3/13/2022,16687,1,13.5
2021,3/14/2022,16712,1,9
2021,3/14/2022,16713,2,13.3
2021,3/14/2022,16714,5,30
2021,3/14/2022,16709,1,43
2021,3/14/2022,16710,3,22
2021,3/14/2022,16711,8,9.5
2021,3/14/2022,16718,2,20
2021,3/14/2022,16719,1,2
2021,3/14/2022,16720,1,17
2021,3/14/2022,16715,29,37.9
2021,3/14/2022,16716,1,8.5
2021,3/14/2022,16717,1,4
2021,3/14/2022,16708,1,4.5
2021,3/14/2022,16699,1,2
2021,3/14/2022,16700,3,2.2
2021,3/14/2022,16701,1,21
2021,3/14/2022,16696,29,22.5
2021,3/14/2022,16697,3,21
2021,3/14/2022,16698,6,29
2021,3/14/2022,16705,1,1.7
2021,3/14/2022,16706,1,12.5
2021,3/14/2022,16707,1,1
2021,3/14/2022,16702,1,3.5
2021,3/14/2022,16703,2,2
2021,3/14/2022,16704,1,13
2021,3/15/2022,16728,23,22
2021,3/15/2022,16727,49,13
2021,3/15/2022,16729,31,38
2021,3/15/2022,16731,5,46.5
2021,3/15/2022,16730,4,16
2021,3/15/2022,16726,10,14
2021,3/15/2022,16722,1,35
2021,3/15/2022,16721,1,12
2021,3/15/2022,16723,1,1
2021,3/15/2022,16725,5,54.1
2021,3/15/2022,16724,4,51
2021,3/16/2022,16746,1,9
2021,3/16/2022,16747,17,24.3
2021,3/16/2022,16745,5,12.5
2021,3/16/2022,16743,9,37.4
2021,3/16/2022,16744,1,2
2021,3/16/2022,16751,2,2
2021,3/16/2022,16752,1,1.6
2021,3/16/2022,16750,4,17.2
2021,3/16/2022,16748,17,163.4
2021,3/16/2022,16749,22,29.5
2021,3/16/2022,16742,4,2
2021,3/16/2022,16735,5,3
2021,3/16/2022,16736,1,12
2021,3/16/2022,16734,5,9.7
2021,3/16/2022,16732,1,1.5
2021,3/16/2022,16733,1,83
2021,3/16/2022,16740,5,5
2021,3/16/2022,16741,5,74
2021,3/16/2022,16739,1,17
2021,3/16/2022,16737,1,5
2021,3/16/2022,16738,1,3
2021,3/17/2022,16767,2,38
2021,3/17/2022,16768,3,4.4
2021,3/17/2022,16766,1,1.5
2021,3/17/2022,16764,1,4.5
2021,3/17/2022,16765,5,14
2021,3/17/2022,16769,3,23.5
2021,3/17/2022,16773,22,12.6
2021,3/17/2022,16774,9,34.2
2021,3/17/2022,16772,2,16.5
2021,3/17/2022,16770,32,43.1
2021,3/17/2022,16771,2,4
2021,3/17/2022,16756,1,2.5
2021,3/17/2022,16757,3,14
2021,3/17/2022,16755,1,6.5
2021,3/17/2022,16753,3,35.5
2021,3/17/2022,16754,12,9.6
2021,3/17/2022,16758,2,8
2021,3/17/2022,16762,1,0.6
2021,3/17/2022,16763,1,2
2021,3/17/2022,16761,4,4
2021,3/17/2022,16759,1,2
2021,3/17/2022,16760,3,20
2021,3/18/2022,16786,2,4.2
2021,3/18/2022,16787,1,39
2021,3/18/2022,16784,7,55
2021,3/18/2022,16785,1,1
2021,3/18/2022,16788,3,18.5
2021,3/18/2022,16791,1,2
2021,3/18/2022,16792,1,1
2021,3/18/2022,16789,1,5
2021,3/18/2022,16790,2,4
2021,3/18/2022,16777,3,23
2021,3/18/2022,16778,5,34.8
2021,3/18/2022,16775,3,0.6
2021,3/18/2022,16776,2,20
2021,3/18/2022,16779,3,20
2021,3/18/2022,16782,1,12
2021,3/18/2022,16783,1,1
2021,3/18/2022,16780,14,79.5
2021,3/18/2022,16781,20,20
2021,3/19/2022,16806,7,47
2021,3/19/2022,16807,1,15
2021,3/19/2022,16805,2,35
2021,3/19/2022,16803,10,28
2021,3/19/2022,16804,4,28
2021,3/19/2022,16811,1,3.5
2021,3/19/2022,16812,1,2
2021,3/19/2022,16810,31,29
2021,3/19/2022,16808,1,2.5
2021,3/19/2022,16809,1,2
2021,3/19/2022,16796,1,3.5
2021,3/19/2022,16797,1,1.7
2021,3/19/2022,16795,1,2
2021,3/19/2022,16793,1,10
2021,3/19/2022,16794,9,60.5
2021,3/19/2022,16801,3,31.5
2021,3/19/2022,16802,1,23
2021,3/19/2022,16800,6,40
2021,3/19/2022,16798,5,4.2
2021,3/19/2022,16799,1,32
2021,3/20/2022,16822,6,10
2021,3/20/2022,16821,10,15
2021,3/20/2022,16820,4,53
2021,3/20/2022,16825,11,36
2021,3/20/2022,16824,1,24
2021,3/20/2022,16823,4,47.7
2021,3/20/2022,16819,1,10
2021,3/20/2022,16815,1,9
2021,3/20/2022,16814,2,2
2021,3/20/2022,16813,10,15
2021,3/20/2022,16818,1,2
2021,3/20/2022,16817,1,1.7
2021,3/20/2022,16816,4,11.5
2021,3/21/2022,16838,2,2
2021,3/21/2022,16839,1,1
2021,3/21/2022,16836,1,11
2021,3/21/2022,16837,1,10
2021,3/21/2022,16840,4,3.2
2021,3/21/2022,16843,3,30
2021,3/21/2022,16844,1,5
2021,3/21/2022,16841,5,20
2021,3/21/2022,16842,2,17.5
2021,3/21/2022,16835,3,6
2021,3/21/2022,16828,1,8.5
2021,3/21/2022,16829,34,71
2021,3/21/2022,16826,2,14
2021,3/21/2022,16827,1,13
2021,3/21/2022,16830,2,20
2021,3/21/2022,16833,1,2
2021,3/21/2022,16834,10,2
2021,3/21/2022,16831,1,15.5
2021,3/21/2022,16832,1,10
2021,3/22/2022,16864,4,6
2021,3/22/2022,16865,2,3
2021,3/22/2022,16866,1,4.5
2021,3/22/2022,16863,6,7.8
2021,3/22/2022,16860,3,39
2021,3/22/2022,16861,1,4
2021,3/22/2022,16862,2,20
2021,3/22/2022,16871,7,11
2021,3/22/2022,16872,3,14.4
2021,3/22/2022,16873,1,12
2021,3/22/2022,16870,1,10
2021,3/22/2022,16867,2,13.5
2021,3/22/2022,16868,1,5
2021,3/22/2022,16869,5,5
2021,3/22/2022,16859,1,12
2021,3/22/2022,16849,1,12
2021,3/22/2022,16850,10,14
2021,3/22/2022,16851,2,31
2021,3/22/2022,16848,1,43
2021,3/22/2022,16845,4,6.5
2021,3/22/2022,16846,1,10
2021,3/22/2022,16847,10,32
2021,3/22/2022,16856,1,3.5
2021,3/22/2022,16857,1,1
2021,3/22/2022,16858,3,11.5
2021,3/22/2022,16855,1,2
2021,3/22/2022,16852,3,21.6
2021,3/22/2022,16853,2,31
2021,3/22/2022,16854,1,1.5
2021,3/23/2022,16884,2,7.5
2021,3/23/2022,16885,2,4
2021,3/23/2022,16882,6,126.5
2021,3/23/2022,16883,1,3.5
2021,3/23/2022,16888,1,2
2021,3/23/2022,16889,27,25
2021,3/23/2022,16886,4,30
2021,3/23/2022,16887,5,97
2021,3/23/2022,16876,1,7
2021,3/23/2022,16877,1,10
2021,3/23/2022,16874,50,12.5
2021,3/23/2022,16875,1,53
2021,3/23/2022,16880,26,36.5
2021,3/23/2022,16881,38,37.2
2021,3/23/2022,16878,1,2
2021,3/23/2022,16879,1,12
2021,3/24/2022,16905,21,16
2021,3/24/2022,16906,5,40
2021,3/24/2022,16904,1,7.5
2021,3/24/2022,16902,2,4
2021,3/24/2022,16903,2,13
2021,3/24/2022,16907,4,27
2021,3/24/2022,16911,1,36
2021,3/24/2022,16912,1,10
2021,3/24/2022,16910,1,2
2021,3/24/2022,16908,4,23
2021,3/24/2022,16909,3,15
2021,3/24/2022,16901,2,3.4
2021,3/24/2022,16893,10,54
2021,3/24/2022,16894,2,69
2021,3/24/2022,16892,1,1.7
2021,3/24/2022,16890,1,4.5
2021,3/24/2022,16891,1,1
2021,3/24/2022,16895,1,1.5
2021,3/24/2022,16899,1,49
2021,3/24/2022,16900,1,3.5
2021,3/24/2022,16898,2,12
2021,3/24/2022,16896,1,4
2021,3/24/2022,16897,1,36
2021,3/25/2022,16925,1,5
2021,3/25/2022,16926,4,4
2021,3/25/2022,16923,2,2
2021,3/25/2022,16924,1,3.5
2021,3/25/2022,16927,3,32
2021,3/25/2022,16930,10,14
2021,3/25/2022,16931,1,0.6
2021,3/25/2022,16928,1,23
2021,3/25/2022,16929,1,2
2021,3/25/2022,16922,2,4
2021,3/25/2022,16915,1,7
2021,3/25/2022,16916,2,58
2021,3/25/2022,16913,7,19.2
2021,3/25/2022,16914,3,5
2021,3/25/2022,16917,2,4
2021,3/25/2022,16920,1,10
2021,3/25/2022,16921,3,15.5
2021,3/25/2022,16918,1,2
2021,3/25/2022,16919,1,19
2021,3/26/2022,16954,2,26
2021,3/26/2022,16953,1,3
2021,3/26/2022,16956,10,3.5
2021,3/26/2022,16955,2,5.5
2021,3/26/2022,16950,3,6
2021,3/26/2022,16949,1,15
2021,3/26/2022,16952,1,10
2021,3/26/2022,16951,12,9.6
2021,3/26/2022,16962,1,5
2021,3/26/2022,16961,2,36
2021,3/26/2022,16964,3,33
2021,3/26/2022,16963,6,13.5
2021,3/26/2022,16958,1,5
2021,3/26/2022,16957,2,24.5
2021,3/26/2022,16960,3,3
2021,3/26/2022,16959,1,2
2021,3/26/2022,16948,4,7.1
2021,3/26/2022,16937,2,5
2021,3/26/2022,16936,1,2
2021,3/26/2022,16939,32,65
2021,3/26/2022,16938,4,2
2021,3/26/2022,16933,2,4.6
2021,3/26/2022,16932,3,14
2021,3/26/2022,16935,11,14.8
2021,3/26/2022,16934,1,2
2021,3/26/2022,16945,1,9
2021,3/26/2022,16944,1,10
2021,3/26/2022,16947,1,4
2021,3/26/2022,16946,1,2
2021,3/26/2022,16941,1,3
2021,3/26/2022,16940,18,28.8
2021,3/26/2022,16943,2,7
2021,3/26/2022,16942,1,15.5
2021,3/27/2022,16974,1,5
2021,3/27/2022,16973,2,31
2021,3/27/2022,16972,7,4.8
2021,3/27/2022,16975,4,9.5
2021,3/27/2022,16978,1,2.5
2021,3/27/2022,16977,6,9.6
2021,3/27/2022,16976,1,2.3
2021,3/27/2022,16967,10,32
2021,3/27/2022,16966,3,4.5
2021,3/27/2022,16965,5,7.5
2021,3/27/2022,16968,1,2
2021,3/27/2022,16971,20,8
2021,3/27/2022,16970,1,2
2021,3/27/2022,16969,1,3
2021,3/28/2022,16989,1,2.5
2021,3/28/2022,16990,1,5
2021,3/28/2022,16987,3,16
2021,3/28/2022,16988,20,3
2021,3/28/2022,16993,1,28
2021,3/28/2022,16994,1,3
2021,3/28/2022,16991,1,14.5
2021,3/28/2022,16992,7,10.5
2021,3/28/2022,16981,3,24.5
2021,3/28/2022,16982,10,15
2021,3/28/2022,16979,1,5
2021,3/28/2022,16980,4,5.1
2021,3/28/2022,16985,1,2
2021,3/28/2022,16986,2,2
2021,3/28/2022,16983,6,7.8
2021,3/28/2022,16984,1,2
2021,5/1/2022,17729,1,6.5
2021,5/1/2022,17728,4,6
2021,5/1/2022,17727,1,21
2021,5/1/2022,17730,2,63
2021,5/1/2022,17733,4,47
2021,5/1/2022,17732,6,64
2021,5/1/2022,17731,1,2.3
2021,5/1/2022,17722,1,23
2021,5/1/2022,17721,2,19
2021,5/1/2022,17720,1,7
2021,5/1/2022,17723,1,0.5
2021,5/1/2022,17726,2,14.5
2021,5/1/2022,17725,1,2
2021,5/1/2022,17724,4,11.5
2021,5/2/2022,17753,3,4.5
2021,5/2/2022,17754,3,42
2021,5/2/2022,17755,2,32
2021,5/2/2022,17752,1,10
2021,5/2/2022,17749,1,6.5
2021,5/2/2022,17750,1,5
2021,5/2/2022,17751,3,47.5
2021,5/2/2022,17756,10,4
2021,5/2/2022,17761,2,12
2021,5/2/2022,17762,1,7.5
2021,5/2/2022,17763,1,5
2021,5/2/2022,17760,2,1.6
2021,5/2/2022,17757,2,3
2021,5/2/2022,17758,2,16
2021,5/2/2022,17759,2,34.5
2021,5/2/2022,17738,3,46
2021,5/2/2022,17739,12,34
2021,5/2/2022,17740,4,13
2021,5/2/2022,17737,1,2
2021,5/2/2022,17734,2,11.5
2021,5/2/2022,17735,6,17
2021,5/2/2022,17736,2,13
2021,5/2/2022,17741,1,17
2021,5/2/2022,17746,3,7
2021,5/2/2022,17747,1,12
2021,5/2/2022,17748,1,1.5
2021,5/2/2022,17745,10,3.5
2021,5/2/2022,17742,2,7.5
2021,5/2/2022,17743,4,43.5
2021,5/2/2022,17744,1,9
2021,5/3/2022,17779,1,39
2021,5/3/2022,17780,1,13
2021,5/3/2022,17778,2,67
2021,5/3/2022,17776,1,10
2021,5/3/2022,17777,1,17
2021,5/3/2022,17781,1,15.5
2021,5/3/2022,17785,3,12.5
2021,5/3/2022,17786,1,3
2021,5/3/2022,17784,3,17.5
2021,5/3/2022,17782,6,31.5
2021,5/3/2022,17783,3,51
2021,5/3/2022,17775,3,8
2021,5/3/2022,17767,3,2.4
2021,5/3/2022,17768,2,19.5
2021,5/3/2022,17766,1,5
2021,5/3/2022,17764,1,10
2021,5/3/2022,17765,1,10
2021,5/3/2022,17769,1,6
2021,5/3/2022,17773,1,1.5
2021,5/3/2022,17774,18,64.6
2021,5/3/2022,17772,1,5
2021,5/3/2022,17770,1,4
2021,5/3/2022,17771,5,12.6
2021,5/4/2022,17803,5,3
2021,5/4/2022,17804,1,6
2021,5/4/2022,17805,1,33
2021,5/4/2022,17800,6,63
2021,5/4/2022,17801,1,12
2021,5/4/2022,17802,2,12
2021,5/4/2022,17809,6,5
2021,5/4/2022,17810,1,2.3
2021,5/4/2022,17811,30,13.2
2021,5/4/2022,17806,10,18
2021,5/4/2022,17807,21,74.5
2021,5/4/2022,17808,3,27
2021,5/4/2022,17799,1,1.5
2021,5/4/2022,17790,1,1.5
2021,5/4/2022,17791,1,10
2021,5/4/2022,17792,1,2
2021,5/4/2022,17787,2,12.5
2021,5/4/2022,17788,2,5
2021,5/4/2022,17789,2,4.2
2021,5/4/2022,17796,1,22
2021,5/4/2022,17797,3,13.5
2021,5/4/2022,17798,3,32.5
2021,5/4/2022,17793,1,22
2021,5/4/2022,17794,1,44
2021,5/4/2022,17795,2,2
2021,5/5/2022,17827,9,41.5
2021,5/5/2022,17828,3,8.2
2021,5/5/2022,17829,2,8
2021,5/5/2022,17824,1,9
2021,5/5/2022,17825,50,71.5
2021,5/5/2022,17826,6,34.3
2021,5/5/2022,17833,2,4
2021,5/5/2022,17834,1,1
2021,5/5/2022,17835,2,11.5
2021,5/5/2022,17830,19,60.8
2021,5/5/2022,17831,6,5.5
2021,5/5/2022,17832,3,6.9
2021,5/5/2022,17815,1,25
2021,5/5/2022,17816,1,2
2021,5/5/2022,17817,2,24.5
2021,5/5/2022,17812,28,8.4
2021,5/5/2022,17813,3,28.5
2021,5/5/2022,17814,2,16.5
2021,5/5/2022,17821,2,22
2021,5/5/2022,17822,5,1
2021,5/5/2022,17823,1,5
2021,5/5/2022,17818,1,3
2021,5/5/2022,17819,1,22
2021,5/5/2022,17820,1,2
2021,5/6/2022,17848,1,9
2021,5/6/2022,17849,21,101.1
2021,5/6/2022,17846,2,31
2021,5/6/2022,17847,4,54
2021,5/6/2022,17850,3,13
2021,5/6/2022,17853,1,10
2021,5/6/2022,17854,1,2
2021,5/6/2022,17851,1,6
2021,5/6/2022,17852,1,10
2021,5/6/2022,17845,1,11
2021,5/6/2022,17838,1,5
2021,5/6/2022,17839,1,5
2021,5/6/2022,17836,1,20
2021,5/6/2022,17837,3,16.5
2021,5/6/2022,17840,2,22
2021,5/6/2022,17843,12,24
2021,5/6/2022,17844,1,1
2021,5/6/2022,17841,1,6.5
2021,5/6/2022,17842,2,3
2021,5/7/2022,17874,1,6.5
2021,5/7/2022,17875,2,38
2021,5/7/2022,17876,1,2
2021,5/7/2022,17873,2,54.5
2021,5/7/2022,17870,1,11
2021,5/7/2022,17871,1,22
2021,5/7/2022,17872,3,3
2021,5/7/2022,17877,3,24
2021,5/7/2022,17882,6,4.8
2021,5/7/2022,17883,1,2
2021,5/7/2022,17884,4,2.8
2021,5/7/2022,17881,4,8.1
2021,5/7/2022,17878,6,19
2021,5/7/2022,17879,1,7.5
2021,5/7/2022,17880,1,7.5
2021,5/7/2022,17859,2,4
2021,5/7/2022,17860,1,39
2021,5/7/2022,17861,6,12
2021,5/7/2022,17858,2,22
2021,5/7/2022,17855,1,13
2021,5/7/2022,17856,2,33
2021,5/7/2022,17857,3,3
2021,5/7/2022,17862,2,6
2021,5/7/2022,17867,12,9.6
2021,5/7/2022,17868,2,20
2021,5/7/2022,17869,1,9
2021,5/7/2022,17866,1,2
2021,5/7/2022,17863,1,5
2021,5/7/2022,17864,2,19.6
2021,5/7/2022,17865,2,75
2021,5/8/2022,17900,1,13
2021,5/8/2022,17901,1,11
2021,5/8/2022,17899,1,5
2021,5/8/2022,17897,1,19
2021,5/8/2022,17898,4,2
2021,5/8/2022,17902,1,10
2021,5/8/2022,17906,5,12
2021,5/8/2022,17907,1,11
2021,5/8/2022,17905,1,2
2021,5/8/2022,17903,2,15.5
2021,5/8/2022,17904,1,9
2021,5/8/2022,17896,1,2
2021,5/8/2022,17888,1,17
2021,5/8/2022,17889,1,3
2021,5/8/2022,17887,2,24
2021,5/8/2022,17885,1,10
2021,5/8/2022,17886,1,1.6
2021,5/8/2022,17890,1,1.5
2021,5/8/2022,17894,2,2
2021,5/8/2022,17895,2,6.8
2021,5/8/2022,17893,1,13
2021,5/8/2022,17891,1,6
2021,5/8/2022,17892,1,6
2021,5/9/2022,17931,2,29.5
2021,5/9/2022,17930,1,6
2021,5/9/2022,17933,4,16.4
2021,5/9/2022,17932,12,54.7
2021,5/9/2022,17927,2,10
2021,5/9/2022,17926,1,28
2021,5/9/2022,17929,3,73
2021,5/9/2022,17928,8,23.5
2021,5/9/2022,17934,6,5.2
2021,5/9/2022,17940,2,2
2021,5/9/2022,17939,4,16.5
2021,5/9/2022,17942,1,10
2021,5/9/2022,17941,2,43.5
2021,5/9/2022,17936,1,9
2021,5/9/2022,17935,3,4.5
2021,5/9/2022,17938,4,1.4
2021,5/9/2022,17937,1,9
2021,5/9/2022,17925,1,5
2021,5/9/2022,17913,1,10
2021,5/9/2022,17912,1,2
2021,5/9/2022,17915,1,1
2021,5/9/2022,17914,1,6
2021,5/9/2022,17909,4,3.4
2021,5/9/2022,17908,4,22
2021,5/9/2022,17911,2,54
2021,5/9/2022,17910,1,7
2021,5/9/2022,17916,1,1.5
2021,5/9/2022,17922,2,22.5
2021,5/9/2022,17921,1,4
2021,5/9/2022,17924,2,33
2021,5/9/2022,17923,5,8.2
2021,5/9/2022,17918,2,2.8
2021,5/9/2022,17917,3,2.3
2021,5/9/2022,17920,2,11
2021,5/9/2022,17919,4,8
2021,5/10/2022,17954,1,2
2021,5/10/2022,17955,4,40.5
2021,5/10/2022,17952,2,2
2021,5/10/2022,17953,18,32.5
2021,5/10/2022,17958,1,1
2021,5/10/2022,17959,2,10
2021,5/10/2022,17956,1,7
2021,5/10/2022,17957,1,2
2021,5/10/2022,17951,8,136.5
2021,5/10/2022,17945,1,22
2021,5/10/2022,17946,4,19
2021,5/10/2022,17943,1,2.5
2021,5/10/2022,17944,1,2
2021,5/10/2022,17949,3,3.2
2021,5/10/2022,17950,12,137.2
2021,5/10/2022,17947,3,14.5
2021,5/10/2022,17948,10,29.9
2021,5/11/2022,17967,2,7
2021,5/11/2022,17966,7,45
2021,5/11/2022,17968,2,2
2021,5/11/2022,17970,1,6
2021,5/11/2022,17969,15,91.9
2021,5/11/2022,17965,1,15.5
2021,5/11/2022,17961,5,30
2021,5/11/2022,17960,28,13.3
2021,5/11/2022,17962,1,2
2021,5/11/2022,17964,1,9
2021,5/11/2022,17963,2,2
2021,5/12/2022,17985,1,6
2021,5/12/2022,17986,4,17
2021,5/12/2022,17984,2,1.4
2021,5/12/2022,17982,2,14.5
2021,5/12/2022,17983,20,8
2021,5/12/2022,17987,1,9.5
2021,5/12/2022,17991,1,7.5
2021,5/12/2022,17992,3,2.2
2021,5/12/2022,17990,6,37.6
2021,5/12/2022,17988,2,3
2021,5/12/2022,17989,1,1.5
2021,5/12/2022,17974,1,6
2021,5/12/2022,17975,3,3
2021,5/12/2022,17973,1,4
2021,5/12/2022,17971,8,15.5
2021,5/12/2022,17972,4,26.5
2021,5/12/2022,17976,2,12
2021,5/12/2022,17980,1,31
2021,5/12/2022,17981,5,5
2021,5/12/2022,17979,2,58
2021,5/12/2022,17977,2,4
2021,5/12/2022,17978,10,19.1
2021,5/13/2022,18004,3,58.5
2021,5/13/2022,18005,36,110.5
2021,5/13/2022,18002,6,11
2021,5/13/2022,18003,3,36.5
2021,5/13/2022,18008,2,24
2021,5/13/2022,18009,2,18
2021,5/13/2022,18006,1,3.5
2021,5/13/2022,18007,4,34
2021,5/13/2022,18001,1,1.5
2021,5/13/2022,17995,1,8.2
2021,5/13/2022,17996,1,11
2021,5/13/2022,17993,3,3
2021,5/13/2022,17994,3,4.4
2021,5/13/2022,17999,1,9.5
2021,5/13/2022,18000,8,39.3
2021,5/13/2022,17997,2,8.5
2021,5/13/2022,17998,8,10.4
2021,5/14/2022,18025,4,26
2021,5/14/2022,18026,1,1.5
2021,5/14/2022,18024,1,1
2021,5/14/2022,18022,1,14
2021,5/14/2022,18023,1,7
2021,5/14/2022,18027,7,16
2021,5/14/2022,18031,2,23
2021,5/14/2022,18032,28,56
2021,5/14/2022,18030,1,10
2021,5/14/2022,18028,5,6
2021,5/14/2022,18029,2,3
2021,5/14/2022,18021,3,25.4
2021,5/14/2022,18013,1,4
2021,5/14/2022,18014,2,44
2021,5/14/2022,18012,1,1
2021,5/14/2022,18010,2,10
2021,5/14/2022,18011,1,6
2021,5/14/2022,18015,2,14
2021,5/14/2022,18019,3,3.6
2021,5/14/2022,18020,2,14
2021,5/14/2022,18018,2,28
2021,5/14/2022,18016,4,19
2021,5/14/2022,18017,2,2
2021,5/15/2022,18044,1,2
2021,5/15/2022,18045,1,2
2021,5/15/2022,18042,1,6
2021,5/15/2022,18043,2,33
2021,5/15/2022,18048,2,7
2021,5/15/2022,18049,2,25
2021,5/15/2022,18046,1,7
2021,5/15/2022,18047,3,42
2021,5/15/2022,18041,2,13
2021,5/15/2022,18035,1,2.5
2021,5/15/2022,18036,2,20.5
2021,5/15/2022,18033,6,59
2021,5/15/2022,18034,1,2.5
2021,5/15/2022,18039,6,49.5
2021,5/15/2022,18040,1,20
2021,5/15/2022,18037,2,28
2021,5/15/2022,18038,1,58
2021,5/16/2022,18064,3,38
2021,5/16/2022,18065,2,25.5
2021,5/16/2022,18063,2,3
2021,5/16/2022,18061,5,6.5
2021,5/16/2022,18062,8,11.8
2021,5/16/2022,18066,2,10
2021,5/16/2022,18070,4,14.5
2021,5/16/2022,18071,27,67.5
2021,5/16/2022,18069,4,44
2021,5/16/2022,18067,65,95.6
2021,5/16/2022,18068,2,26
2021,5/16/2022,18053,2,22.7
2021,5/16/2022,18054,1,10
2021,5/16/2022,18052,1,7
2021,5/16/2022,18050,1,10
2021,5/16/2022,18051,1,8.5
2021,5/16/2022,18055,1,1.5
2021,5/16/2022,18059,3,31.5
2021,5/16/2022,18060,1,3.5
2021,5/16/2022,18058,3,44
2021,5/16/2022,18056,1,12
2021,5/16/2022,18057,2,5.5
2021,5/17/2022,18083,4,14.5
2021,5/17/2022,18084,2,16.5
2021,5/17/2022,18081,4,26.5
2021,5/17/2022,18082,1,7
2021,5/17/2022,18087,7,5.5
2021,5/17/2022,18088,1,6.5
2021,5/17/2022,18085,5,47
2021,5/17/2022,18086,2,5
2021,5/17/2022,18080,4,44.5
2021,5/17/2022,18074,10,7
2021,5/17/2022,18075,1,19
2021,5/17/2022,18072,3,3
2021,5/17/2022,18073,11,52
2021,5/17/2022,18078,10,4
2021,5/17/2022,18079,1,6
2021,5/17/2022,18076,2,6.4
2021,5/17/2022,18077,1,9
2021,5/18/2022,18106,1,50
2021,5/18/2022,18107,5,10
2021,5/18/2022,18108,3,34
2021,5/18/2022,18103,3,76
2021,5/18/2022,18104,3,15.1
2021,5/18/2022,18105,1,2.5
2021,5/18/2022,18109,2,27
2021,5/18/2022,18113,2,25
2021,5/18/2022,18114,1,10
2021,5/18/2022,18115,1,1.5
2021,5/18/2022,18110,14,55.7
2021,5/18/2022,18111,1,2.5
2021,5/18/2022,18112,3,29
2021,5/18/2022,18102,1,11
2021,5/18/2022,18092,2,12
2021,5/18/2022,18093,1,11.5
2021,5/18/2022,18094,1,6
2021,5/18/2022,18089,3,8
2021,5/18/2022,18090,1,3.5
2021,5/18/2022,18091,2,24.5
2021,5/18/2022,18095,1,1.5
2021,5/18/2022,18099,6,52.8
2021,5/18/2022,18100,3,29
2021,5/18/2022,18101,4,7.6
2021,5/18/2022,18096,1,2
2021,5/18/2022,18097,1,1.5
2021,5/18/2022,18098,2,9.5
2021,5/19/2022,18128,5,53.5
2021,5/19/2022,18129,2,14.5
2021,5/19/2022,18126,9,33.5
2021,5/19/2022,18127,3,82
2021,5/19/2022,18130,2,11
2021,5/19/2022,18133,1,2.5
2021,5/19/2022,18134,1,6.5
2021,5/19/2022,18131,1,20
2021,5/19/2022,18132,2,4.5
2021,5/19/2022,18125,2,12.5
2021,5/19/2022,18118,10,6.5
2021,5/19/2022,18119,1,2.5
2021,5/19/2022,18116,8,14.9
2021,5/19/2022,18117,1,0.8
2021,5/19/2022,18120,1,1.5
2021,5/19/2022,18123,1,15
2021,5/19/2022,18124,1,2.3
2021,5/19/2022,18121,2,4.6
2021,5/19/2022,18122,11,68
2021,5/20/2022,18150,1,14.5
2021,5/20/2022,18151,1,18
2021,5/20/2022,18149,19,125.5
2021,5/20/2022,18147,2,4.5
2021,5/20/2022,18148,41,45
2021,5/20/2022,18152,2,9.5
2021,5/20/2022,18156,1,40
2021,5/20/2022,18157,1,4
2021,5/20/2022,18155,5,42.5
2021,5/20/2022,18153,15,18.5
2021,5/20/2022,18154,1,2.5
2021,5/20/2022,18146,4,49
2021,5/20/2022,18138,1,9
2021,5/20/2022,18139,1,27
2021,5/20/2022,18137,3,38
2021,5/20/2022,18135,16,60
2021,5/20/2022,18136,5,11.4
2021,5/20/2022,18140,1,12
2021,5/20/2022,18144,2,30
2021,5/20/2022,18145,1,16
2021,5/20/2022,18143,1,5
2021,5/20/2022,18141,1,2.5
2021,5/20/2022,18142,1,38
2021,5/21/2022,18169,2,1.2
2021,5/21/2022,18170,1,3
2021,5/21/2022,18167,1,15
2021,5/21/2022,18168,1,2.5
2021,5/21/2022,18171,1,10
2021,5/21/2022,18174,1,1
2021,5/21/2022,18175,1,4
2021,5/21/2022,18172,1,1.5
2021,5/21/2022,18173,1,6
2021,5/21/2022,18160,3,13
2021,5/21/2022,18161,4,4.9
2021,5/21/2022,18158,2,2
2021,5/21/2022,18159,1,10
2021,5/21/2022,18162,1,10
2021,5/21/2022,18165,1,30
2021,5/21/2022,18166,2,3
2021,5/21/2022,18163,1,12
2021,5/21/2022,18164,1,22
2021,5/22/2022,18185,2,5
2021,5/22/2022,18184,1,5
2021,5/22/2022,18183,1,3.5
2021,5/22/2022,18186,4,4.3
2021,5/22/2022,18189,9,34.5
2021,5/22/2022,18188,1,10
2021,5/22/2022,18187,2,29
2021,5/22/2022,18178,4,49.5
2021,5/22/2022,18177,2,13.5
2021,5/22/2022,18176,6,74.5
2021,5/22/2022,18179,1,2
2021,5/22/2022,18182,3,4.5
2021,5/22/2022,18181,1,22
2021,5/22/2022,18180,2,60
2021,5/23/2022,18205,7,30.5
2021,5/23/2022,18206,7,29.4
2021,5/23/2022,18207,1,3.5
2021,5/23/2022,18202,1,125
2021,5/23/2022,18203,4,2
2021,5/23/2022,18204,6,4.2
2021,5/23/2022,18211,1,8.5
2021,5/23/2022,18212,4,2.6
2021,5/23/2022,18213,5,64
2021,5/23/2022,18208,2,13.5
2021,5/23/2022,18209,1,1.5
2021,5/23/2022,18210,1,14
2021,5/23/2022,18193,2,1.4
2021,5/23/2022,18194,4,2.8
2021,5/23/2022,18195,3,27
2021,5/23/2022,18190,1,12
2021,5/23/2022,18191,1,1.5
2021,5/23/2022,18192,5,63
2021,5/23/2022,18199,7,19.3
2021,5/23/2022,18200,7,24.1
2021,5/23/2022,18201,3,80
2021,5/23/2022,18196,2,40
2021,5/23/2022,18197,2,14
2021,5/23/2022,18198,21,105.8
2021,5/24/2022,18229,3,2.1
2021,5/24/2022,18230,3,16.5
2021,5/24/2022,18228,4,27.5
2021,5/24/2022,18226,7,47
2021,5/24/2022,18227,1,13
2021,5/24/2022,18231,5,6.5
2021,5/24/2022,18235,2,35.5
2021,5/24/2022,18236,1,20
2021,5/24/2022,18234,2,1.6
2021,5/24/2022,18232,1,3
2021,5/24/2022,18233,1,2.5
2021,5/24/2022,18225,1,15
2021,5/24/2022,18217,1,1
2021,5/24/2022,18218,1,2.5
2021,5/24/2022,18216,2,4
2021,5/24/2022,18214,1,6.5
2021,5/24/2022,18215,2,85.5
2021,5/24/2022,18219,1,2.5
2021,5/24/2022,18223,1,2.5
2021,5/24/2022,18224,9,51
2021,5/24/2022,18222,2,10
2021,5/24/2022,18220,2,3
2021,5/24/2022,18221,1,6
2021,5/25/2022,18251,4,5.45
2021,5/25/2022,18252,1,0.8
2021,5/25/2022,18250,1,15
2021,5/25/2022,18248,7,83.5
2021,5/25/2022,18249,18,19.6
2021,5/25/2022,18256,1,21
2021,5/25/2022,18257,1,5
2021,5/25/2022,18255,1,6
2021,5/25/2022,18253,12,26
2021,5/25/2022,18254,1,11.5
2021,5/25/2022,18247,1,2.5
2021,5/25/2022,18240,1,6
2021,5/25/2022,18241,1,0.6
2021,5/25/2022,18239,1,27.5
2021,5/25/2022,18237,1,15.5
2021,5/25/2022,18238,1,0.7
2021,5/25/2022,18245,1,29
2021,5/25/2022,18246,6,21
2021,5/25/2022,18244,1,8.5
2021,5/25/2022,18242,2,103
2021,5/25/2022,18243,2,20
2021,5/26/2022,18281,3,50
2021,5/26/2022,18280,8,77
2021,5/26/2022,18283,10,7.5
2021,5/26/2022,18282,4,38.5
2021,5/26/2022,18277,1,9.5
2021,5/26/2022,18276,2,34.5
2021,5/26/2022,18279,1,53
2021,5/26/2022,18278,2,17
2021,5/26/2022,18284,2,7
2021,5/26/2022,18290,4,3.1
2021,5/26/2022,18289,1,3.5
2021,5/26/2022,18292,3,1.5
2021,5/26/2022,18291,1,6
2021,5/26/2022,18286,1,9.5
2021,5/26/2022,18285,12,25
2021,5/26/2022,18288,1,20
2021,5/26/2022,18287,4,25.9
2021,5/26/2022,18275,1,22
2021,5/26/2022,18263,1,2.5
2021,5/26/2022,18262,2,1
2021,5/26/2022,18265,1,10
2021,5/26/2022,18264,7,51
2021,5/26/2022,18259,1,2.5
2021,5/26/2022,18258,4,14
2021,5/26/2022,18261,3,11.8
2021,5/26/2022,18260,3,4.5
2021,5/26/2022,18266,2,5.5
2021,5/26/2022,18272,2,18
2021,5/26/2022,18271,1,3.5
2021,5/26/2022,18274,4,4.9
2021,5/26/2022,18273,1,8.5
2021,5/26/2022,18268,16,6.8
2021,5/26/2022,18267,2,8
2021,5/26/2022,18270,4,32
2021,5/26/2022,18269,1,21
2021,5/27/2022,18308,1,14.5
2021,5/27/2022,18309,2,4
2021,5/27/2022,18310,4,17.5
2021,5/27/2022,18305,6,37.5
2021,5/27/2022,18306,1,30
2021,5/27/2022,18307,2,8
2021,5/27/2022,18314,1,10
2021,5/27/2022,18315,2,19
2021,5/27/2022,18316,2,9.5
2021,5/27/2022,18311,2,2
2021,5/27/2022,18312,1,12
2021,5/27/2022,18313,1,5
2021,5/27/2022,18296,12,19
2021,5/27/2022,18297,1,2.5
2021,5/27/2022,18298,1,2
2021,5/27/2022,18293,2,17.5
2021,5/27/2022,18294,1,7.5
2021,5/27/2022,18295,3,4.6
2021,5/27/2022,18302,3,7
2021,5/27/2022,18303,1,1
2021,5/27/2022,18304,1,9
2021,5/27/2022,18299,5,32.8
2021,5/27/2022,18300,1,10
2021,5/27/2022,18301,1,7
2021,5/28/2022,18326,12,9.6
2021,5/28/2022,18325,5,20
2021,5/28/2022,18324,7,14.4
2021,5/28/2022,18327,2,2
2021,5/28/2022,18330,41,12.5
2021,5/28/2022,18329,1,25
2021,5/28/2022,18328,12,38
2021,5/28/2022,18319,5,53
2021,5/28/2022,18318,2,8.5
2021,5/28/2022,18317,4,23.5
2021,5/28/2022,18320,5,18.5
2021,5/28/2022,18323,1,3
2021,5/28/2022,18322,9,50.8
2021,5/28/2022,18321,4,14.7
2021,5/29/2022,18334,1,27
2021,5/29/2022,18335,1,2.5
2021,5/29/2022,18333,10,85
2021,5/29/2022,18331,2,18
2021,5/29/2022,18332,16,99.5
2021,5/30/2022,18353,3,87
2021,5/30/2022,18354,1,17
2021,5/30/2022,18355,1,22
2021,5/30/2022,18350,1,4
2021,5/30/2022,18351,6,32.7
2021,5/30/2022,18352,3,2.4
2021,5/30/2022,18356,1,8.5
2021,5/30/2022,18360,2,44.5
2021,5/30/2022,18361,2,16.5
2021,5/30/2022,18362,1,24
2021,5/30/2022,18357,2,2
2021,5/30/2022,18358,5,10
2021,5/30/2022,18359,7,56
2021,5/30/2022,18349,3,15.5
2021,5/30/2022,18339,1,1
2021,5/30/2022,18340,1,1
2021,5/30/2022,18341,4,11.6
2021,5/30/2022,18336,3,19
2021,5/30/2022,18337,2,2
2021,5/30/2022,18338,1,2.5
2021,5/30/2022,18342,1,6
2021,5/30/2022,18346,1,4
2021,5/30/2022,18347,1,5
2021,5/30/2022,18348,1,2.5
2021,5/30/2022,18343,1,3.5
2021,5/30/2022,18344,2,1.4
2021,5/30/2022,18345,1,3.5
2021,5/31/2022,18377,3,3.5
2021,5/31/2022,18378,1,30
2021,5/31/2022,18376,1,6
2021,5/31/2022,18374,1,1.5
2021,5/31/2022,18375,1,7
2021,5/31/2022,18382,1,2
2021,5/31/2022,18383,5,14
2021,5/31/2022,18381,1,5
2021,5/31/2022,18379,3,15.1
2021,5/31/2022,18380,1,2.5
2021,5/31/2022,18373,2,1.2
2021,5/31/2022,18366,1,2
2021,5/31/2022,18367,1,5
2021,5/31/2022,18365,1,2.5
2021,5/31/2022,18363,3,27
2021,5/31/2022,18364,1,1
2021,5/31/2022,18371,1,12
2021,5/31/2022,18372,1,6
2021,5/31/2022,18370,1,12
2021,5/31/2022,18368,1,6
2021,5/31/2022,18369,3,2.4
